2506 4808
229 299 517 381 ansioni
557 304 706 377 xx1v.
894 288 984 385 'm

87 504 266 576 eiiciebam,
288 513 328 564 ut
349 518 431 588 ager
451 495 515 562 hac
530 495 721 563 adventicia
736 500 880 583 pecunia
899 519 1013 591 emee·

96 626 181 690 qnae
205 626 248 668 ex
271 607 369 668 novis
393 597 616 687 vectigalibus
638 620 702 686 per
721 603 988 683 quinquennium

87 721 183 773 etur.
226 703 314 768 Huic
330 708 396 767 toti
414 708 539 767 rationi
554 707 703 791 agrariae
715 697 855 773 ,senatus
874 702 992 768 adver·

87 831 111 883 ·,
146 803 315 894 suspicans
339 802 501 890 Pompeio
531 824 655 870 novam
679 801 845 895 quandam
872 815 991 888 poten·

87 913 188 975 uaeri.
231 903 409 993 Pompeius
425 927 509 971 vero
527 904 569 968 ad
587 901 797 969 voluntatem
819 903 992 990 perferen·

87 1019 134 1100 gis
157 1010 372 1075 incubuerat.
415 1007 489 1094 Ego
512 1017 625 1070 autem
648 1024 869 1093 magnacum
899 1024 992 1092 agra·

87 1169 88 1174 ,
111 1115 221 1201 gratia
244 1104 485 1173 confirmabam
505 1111 658 1171 omnium
685 1111 894 1194 privatorum
919 1104 992 1193 pol·

87 1234 134 1295 ³⁸3
172 1216 223 1294 (is
252 1214 343 1273 enim
366 1207 413 1273 est
438 1207 552 1274 noster
577 1213 768 1281 exercituS,
796 1204 992 1283 hominum,

109 1312 194 1388 scie,
212 1311 455 1400 locupletium)
475 1309 604 1398 populo
625 1323 757 1383 autem,
780 1305 994 1397 et¹Ponipeio

87 1415 119 1480 id
145 1436 281 1499 qnoque
304 1413 478 1494 volebam)
512 1409 589 1475 satis
611 1411 776 1476 faciebam
800 1415 992 1498 emption03

87 1514 230 1581 nstituta
244 1514 443 1602 diligenter,
461 1523 495 1577 et
515 1509 676 1576 sentimm
690 1515 786 1578 urbis
804 1511 995 1590 exhaurin‘3

87 1638 126 1682 ae
142 1615 357 1681 solitudinem
372 1615 582 1696 frequentari
593 1611 684 1701 poile
702 1616 897 1679 arbitrabar.
921 1613 995 1683 Sed

87 1731 145 1782 ota
169 1737 227 1782 res
249 1715 463 1804 interpellata
484 1714 573 1780 bello
597 1715 789 1779 res-fixerat.
832 1716 996 1783 Metellus

87 1816 154 1883 asul
179 1815 255 1881 iane
276 1820 404 1891 bonuS,
428 1829 463 1881 et
484 1838 550 1882 nos
568 1815 751 1880 admodum
769 1814 890 1904 diligit.
934 1816 997 1882 llle

87 1932 121 1984 ta
144 1917 232 1983 nihil
253 1917 319 1996 elt,
341 1930 381 1981 ut
396 1917 514 2005 plane,
535 1916 616 2002 quid
635 1922 773 1991 emerit,
796 1916 931 1983 nesciat.

87 2020 151 2083 {aec
176 2018 270 2093 lunt,
290 2031 329 2083 ut
350 2024 491 2106 opinor,
520 2024 557 2084 in
578 2016 784 2107 republica,
812 2016 870 2083 nili
896 2025 1028 2104 etiam5

87 2121 127 2186 ad
156 2139 267 2207 remp.
295 2132 395 2206 putas
420 2125 609 2209 pertinere,
652 2118 865 2183 Herennium
897 2143 1000 2205 quen·

87 2224 266 2287 tribunum
280 2219 407 2308 plebio,
427 2219 587 2285 tribulem
603 2232 711 2294 tuum,
733 2219 809 2285 sane
825 2219 1000 2286 hominem

87 2345 130 2398 n,
154 2336 256 2405 atque
280 2336 455 2411 egentem,
490 2321 587 2411 saepe
606 2327 674 2386 iam
697 2320 740 2385 de
755 2319 792 2386 Ρ.
810 2320 933 2387 Clodio
956 2321 1001 2387 ad

87 2449 102 2488 n
130 2424 343 2490 traducendo
367 2447 466 2514 agere
493 2422 646 2513 coepisse.
688 2414 779 2489 Huic
802 2423 1001 2508 frequenter

87 2526 206 2594 editur.

352 2694 623 2716 manua-ss

87 2817 102 2864 t
136 2800 387 2874 euim'Plaviua,
427 2816 463 2862 ut
519 2804 640 2863 faecem
655 2795 768 2878 piebis,
788 2795 879 2879 saepe
896 2796 1004 2859 aredio

87 2891 183 2970 iqui
197 2902 250 2948 eut
266 2903 330 2948 tum
350 2885 462 2957 ellent',
520 2882 603 2946 tiofis
633 2884 761 2944 tribunis
788 2885 831 2963 pl.
857 2887 1005 2944 concitari

87 2974 228 3053 iqnando
252 2973 369 3053 publici
394 2971 463 3031 luis·
519 2970 639 3033 solitam
656 2969 844 3029 defendebat
865 2988 931 3028 rem
945 2989 1004 3050 pu·

87 3057 123 3117 rel
144 3053 169 3116 fi
192 3056 255 3117 hoc
273 3079 340 3118 non
358 3059 463 3138 plece-
519 3058 641 3120 blicam.
679 3049 811 3112 Gronov.

89 3141 142 3200 alii
177 3149 264 3225 agri,
306 3163 463 3202 novorum
563 3135 738 3219 emptione]
771 3158 823 3222 ex⁸
841 3139 1007 3202 adventitia

87 3226 171 3284 ilium
199 3231 333 3306 pecunia
367 3231 464 3306 empti
520 3228 663 3308 pecunie.
712 3223 799 3282 Cor-r.

87 3316 106 3370 'u
128 3333 221 3394 egros
239 3333 305 3371 non
324 3309 464 3371 habenti·
564 3309 718 3366 exhauriri
736 3347 771 3375 ,-
789 3307 1008 3398 frequentari]

102 3396 320 3456 tribuerentur.
351 3399 464 3457 Secun-
522 3395 663 3455 deductu
685 3393 822 3456 coloniis.
857 3391 966 3456 Graan.

87 3496 167 3560 aput
182 3483 295 3541 Cicero
310 3483 464 3560 probavit.
566 3490 598 3536 ut
628 3481 736 3553 plane,
782 3481 856 3561 quid
885 3484 1009 3554 emerit,

87 3575 91 3593 ¹
525 3561 655 3645 nescias]
688 3578 723 3623 ut
740 3563 849 3624 frustra
870 3566 1011 3650 largitio·

105 3649 189 3705 nouis
225 3646 467 3730 vectigabilibus]
523 3670 579 3708 nes
601 3651 725 3720 fecerit,
757 3670 853 3728 quum
880 3651 1012 3734 dignita·

105 3754 122 3792 a
144 3735 301 3812 Pompeio
327 3731 468 3793 constitu-
525 3739 562 3792 tis
585 3732 660 3792 nihil
682 3753 699 3790 c
720 3732 879 3793 consulatu
902 3754 1011 3818 geren·

101 3817 139 3876 ll.
162 3837 213 3896 ep.
232 3821 278 3877 16.
304 3819 431 3875 (lorrad.
527 3821 570 3878 do
593 3834 732 3896 quaerat.
776 3814 900 3892 Ernesti.

87 3905 155 3958 mim
176 3904 217 3976 cst
237 3904 333 3976 noster
356 3904 470 3960 exerci-
568 3916 598 3975 5.
610 3901 790 3982 frequenter
805 3897 1013 3985 interceditur]

87 4005 140 4065 luo
168 3987 229 4050 scil.
256 3987 376 4048 senatus
405 3987 471 4046 luc·
527 3984 557 4045 h.
572 4008 597 4046 e.
618 4007 647 4047 n.
662 3988 764 4045 multis
781 3989 928 4059 tribunis,
947 4006 1015 4049 non

87 4089 105 4129 u
135 4085 165 4130 et
189 4066 332 4145 nimaina
360 4089 470 4134 contra
516 4074 627 4148 ,[αερο,
652 4087 687 4133 nt
704 4073 809 4156 vulgo.
831 4073 897 4134 Lib.
921 4070 1014 4138 libi.
