<?xml version="1.0" encoding="UTF-8"?>
<!DOCTYPE html PUBLIC "-//W3C//DTD XHTML 1.0 Transitional//EN"
    "http://www.w3.org/TR/xhtml1/DTD/xhtml1-transitional.dtd">
<html xmlns="http://www.w3.org/1999/xhtml" xml:lang="en" lang="en">
 <head>
  <title>
</title>
<meta http-equiv="Content-Type" content="text/html;charset=utf-8" />
  <meta name='ocr-system' content='tesseract 3.04.00' />
  <meta name='ocr-capabilities' content='ocr_page ocr_carea ocr_par ocr_line ocrx_word'/>
</head>
<body>
  <div class='ocr_page' id='page_1' title='image "./mtciceronisepis00billgoog/mtciceronisepis00billgoog_0559.png"; bbox 0 0 2506 4808; ppageno 0'>
   <div class='ocr_carea' id='block_1_1' title="bbox 130 308 907 396">
    <p class='ocr_par' dir='ltr' id='par_1_1' title="bbox 130 308 907 396">
     <span class='ocr_line' id='line_1_1' title="bbox 130 308 907 396; baseline -0.005 -3"><span class='ocrx_word' id='word_1_1' title='bbox 130 333 194 396; x_wconf 68' lang='grc' dir='ltr'><strong>τιὸ</strong></span> <span class='ocrx_word' id='word_1_2' title='bbox 377 316 661 391; x_wconf 80' lang='lat' dir='ltr'>EPISTOLA</span> <span class='ocrx_word' id='word_1_3' title='bbox 718 308 907 391; x_wconf 78' lang='lat' dir='ltr'>CXLVI.</span> 
     </span>
    </p>
   </div>
   <div class='ocr_carea' id='block_1_2' title="bbox 81 508 1225 2512">
    <p class='ocr_par' dir='ltr' id='par_1_2' title="bbox 132 508 1165 599">
     <span class='ocr_line' id='line_1_2' title="bbox 132 508 1165 599; baseline 0.003 -21"><span class='ocrx_word' id='word_1_4' title='bbox 132 512 275 591; x_wconf 77' lang='lat' dir='ltr'><strong>addere3</strong></span> <span class='ocrx_word' id='word_1_5' title='bbox 298 528 500 596; x_wconf 79' lang='lat' dir='ltr'><strong>quamquam</strong></span> <span class='ocrx_word' id='word_1_6' title='bbox 521 530 560 575; x_wconf 87' lang='lat' dir='ltr'><strong>ea</strong></span> <span class='ocrx_word' id='word_1_7' title='bbox 574 508 668 584; x_wconf 76' lang='lat' dir='ltr'><strong>villu,</strong></span> <span class='ocrx_word' id='word_1_8' title='bbox 689 530 775 595; x_wconf 76' lang='lat' dir='ltr'><strong>quie</strong></span> <span class='ocrx_word' id='word_1_9' title='bbox 797 530 885 578; x_wconf 87' lang='lat' dir='ltr'><strong>nunc</strong></span> <span class='ocrx_word' id='word_1_10' title='bbox 904 511 970 586; x_wconf 80' lang='lat' dir='ltr'><strong>eit,</strong></span> <span class='ocrx_word' id='word_1_11' title='bbox 992 526 1165 599; x_wconf 83' lang='lat' dir='ltr'><strong>tamquam</strong></span> 
     </span>
    </p>

    <p class='ocr_par' dir='ltr' id='par_1_3' title="bbox 131 610 1167 706">
     <span class='ocr_line' id='line_1_3' title="bbox 131 610 1167 706; baseline 0 -26"><span class='ocrx_word' id='word_1_12' title='bbox 131 613 329 706; x_wconf 78' lang='lat' dir='ltr'><strong>philosopha</strong></span> <span class='ocrx_word' id='word_1_13' title='bbox 343 612 483 681; x_wconf 80' lang='lat' dir='ltr'><strong>videtur·</strong></span> <span class='ocrx_word' id='word_1_14' title='bbox 492 610 576 687; x_wconf 83' lang='lat' dir='ltr'><strong>esic,</strong></span> <span class='ocrx_word' id='word_1_15' title='bbox 596 633 681 698; x_wconf 89' lang='lat' dir='ltr'><strong>quae</strong></span> <span class='ocrx_word' id='word_1_16' title='bbox 695 615 854 703; x_wconf 80' lang='lat' dir='ltr'><strong>obiurget</strong></span> <span class='ocrx_word' id='word_1_17' title='bbox 867 624 1061 678; x_wconf 70' lang='lat' dir='ltr'><strong>ceterarum</strong></span> <span class='ocrx_word' id='word_1_18' title='bbox 1076 616 1167 681; x_wconf 71' lang='lat' dir='ltr'><strong>uilla-</strong></span> 
     </span>
    </p>

    <p class='ocr_par' dir='ltr' id='par_1_4' title="bbox 132 714 1163 789">
     <span class='ocr_line' id='line_1_4' title="bbox 132 714 1163 789; baseline 0.001 -9"><span class='ocrx_word' id='word_1_19' title='bbox 132 738 208 789; x_wconf 82' lang='lat' dir='ltr'><strong>rum</strong></span> <span class='ocrx_word' id='word_1_20' title='bbox 224 715 394 783; x_wconf 79' lang='lat' dir='ltr'><strong>insaniam.</strong></span> <span class='ocrx_word' id='word_1_21' title='bbox 437 715 681 782; x_wconf 78' lang='lat' dir='ltr'><strong>Verumtamen</strong></span> <span class='ocrx_word' id='word_1_22' title='bbox 696 714 781 780; x_wconf 86' lang='lat' dir='ltr'><strong>illud</strong></span> <span class='ocrx_word' id='word_1_23' title='bbox 797 716 949 783; x_wconf 79' lang='lat' dir='ltr'><strong>additum</strong></span> <span class='ocrx_word' id='word_1_24' title='bbox 967 715 1163 784; x_wconf 78' lang='lat' dir='ltr'><strong>delectabit.</strong></span> 
     </span>
    </p>

    <p class='ocr_par' dir='ltr' id='par_1_5' title="bbox 133 815 1166 905">
     <span class='ocr_line' id='line_1_5' title="bbox 133 815 1166 905; baseline 0.003 -22"><span class='ocrx_word' id='word_1_25' title='bbox 133 815 333 905; x_wconf 86' lang='lat' dir='ltr'><strong>Topierium</strong></span> <span class='ocrx_word' id='word_1_26' title='bbox 353 816 504 897; x_wconf 67' lang='lat' dir='ltr'><strong>laudarig</strong></span> <span class='ocrx_word' id='word_1_27' title='bbox 536 822 582 885; x_wconf 83' lang='lat' dir='ltr'><strong>ita</strong></span> <span class='ocrx_word' id='word_1_28' title='bbox 603 823 716 885; x_wconf 86' lang='lat' dir='ltr'><strong>omnia</strong></span> <span class='ocrx_word' id='word_1_29' title='bbox 736 816 902 884; x_wconf 81' lang='lat' dir='ltr'>convestit</span> <span class='ocrx_word' id='word_1_30' title='bbox 921 817 1071 893; x_wconf 79' lang='lat' dir='ltr'>hedera,</span> <span class='ocrx_word' id='word_1_31' title='bbox 1101 840 1166 904; x_wconf 88' lang='lat' dir='ltr'><strong>qua</strong></span> 
     </span>
    </p>

    <p class='ocr_par' dir='ltr' id='par_1_6' title="bbox 134 917 1168 1003">
     <span class='ocr_line' id='line_1_6' title="bbox 134 917 1168 1003; baseline 0.004 -20"><span class='ocrx_word' id='word_1_32' title='bbox 134 917 236 983; x_wconf 84' lang='lat' dir='ltr'><strong>balim</strong></span> <span class='ocrx_word' id='word_1_33' title='bbox 257 917 373 999; x_wconf 74' lang='lat' dir='ltr'><strong>villae,</strong></span> <span class='ocrx_word' id='word_1_34' title='bbox 394 940 457 1002; x_wconf 89' lang='lat' dir='ltr'><strong>qua</strong></span> <span class='ocrx_word' id='word_1_35' title='bbox 482 918 741 984; x_wconf 83' lang='lat' dir='ltr'><strong>intercolumnia</strong></span> <span class='ocrx_word' id='word_1_36' title='bbox 762 921 1019 1003; x_wconf 79' lang='lat' dir='ltr'><strong>ambulatiouie3</strong></span> <span class='ocrx_word' id='word_1_37' title='bbox 1049 936 1089 986; x_wconf 88' lang='lat' dir='ltr'><strong>ut</strong></span> <span class='ocrx_word' id='word_1_38' title='bbox 1110 922 1168 987; x_wconf 88' lang='lat' dir='ltr'><strong>de-</strong></span> 
     </span>
    </p>

    <p class='ocr_par' dir='ltr' id='par_1_7' title="bbox 81 1012 1167 1291">
     <span class='ocr_line' id='line_1_7' title="bbox 81 1012 1167 1108; baseline 0.002 -22"><span class='ocrx_word' id='word_1_39' title='bbox 81 1049 87 1059; x_wconf 88' lang='lat'><strong>·</strong></span> <span class='ocrx_word' id='word_1_40' title='bbox 133 1027 237 1104; x_wconf 84' lang='lat' dir='ltr'><strong>nique</strong></span> <span class='ocrx_word' id='word_1_41' title='bbox 255 1019 305 1085; x_wconf 90' lang='lat' dir='ltr'><strong>illi</strong></span> <span class='ocrx_word' id='word_1_42' title='bbox 324 1019 449 1107; x_wconf 87' lang='lat' dir='ltr'><strong>palliati</strong></span> <span class='ocrx_word' id='word_1_43' title='bbox 472 1026 648 1108; x_wconf 84' lang='lat' dir='ltr'><strong>topiariam</strong></span> <span class='ocrx_word' id='word_1_44' title='bbox 668 1021 780 1086; x_wconf 82' lang='lat' dir='ltr'><strong>iacere</strong></span> <span class='ocrx_word' id='word_1_45' title='bbox 794 1012 989 1097; x_wconf 81' lang='lat' dir='ltr'><strong>rideantur,</strong></span> <span class='ocrx_word' id='word_1_46' title='bbox 1011 1035 1048 1086; x_wconf 85' lang='lat' dir='ltr'><strong>ct</strong></span> <span class='ocrx_word' id='word_1_47' title='bbox 1068 1021 1167 1088; x_wconf 84' lang='lat' dir='ltr'><strong>hede-</strong></span> 
     </span>
     <span class='ocr_line' id='line_1_8' title="bbox 132 1114 1167 1219; baseline 0.007 -35"><span class='ocrx_word' id='word_1_48' title='bbox 132 1138 207 1188; x_wconf 76' lang='lat' dir='ltr'><strong>ram</strong></span> <span class='ocrx_word' id='word_1_49' title='bbox 226 1120 385 1186; x_wconf 83' lang='lat' dir='ltr'><strong>rendere.</strong></span> <span class='ocrx_word' id='word_1_50' title='bbox 429 1122 500 1187; x_wconf 86' lang='lat' dir='ltr'><strong>lam</strong></span> <span class='ocrx_word' id='word_1_51' title='bbox 523 1114 712 1211; x_wconf 65' lang='lat' dir='ltr'><strong>droivrqpiu</strong></span> <span class='ocrx_word' id='word_1_52' title='bbox 738 1117 824 1189; x_wconf 89' lang='lat' dir='ltr'><strong>nihil</strong></span> <span class='ocrx_word' id='word_1_53' title='bbox 845 1120 960 1196; x_wconf 76' lang='lat' dir='ltr'><strong>alfius,</strong></span> <span class='ocrx_word' id='word_1_54' title='bbox 989 1122 1078 1219; x_wconf 83' lang='lat' dir='ltr'><strong>nihil</strong></span> <span class='ocrx_word' id='word_1_55' title='bbox 1097 1148 1167 1191; x_wconf 90' lang='lat' dir='ltr'><strong>mu·</strong></span> 
     </span>
     <span class='ocr_line' id='line_1_9' title="bbox 133 1220 269 1291; baseline -0.022 -2"><span class='ocrx_word' id='word_1_56' title='bbox 133 1220 269 1291; x_wconf 75' lang='lat' dir='ltr'><strong>scolius.</strong></span> 
     </span>
    </p>

    <p class='ocr_par' dir='ltr' id='par_1_8' title="bbox 106 1320 1225 2512">
     <span class='ocr_line' id='line_1_10' title="bbox 106 1320 1168 1420; baseline 0.011 -35"><span class='ocrx_word' id='word_1_57' title='bbox 106 1343 126 1389; x_wconf 79' lang='lat' dir='ltr'><strong>a</strong></span> <span class='ocrx_word' id='word_1_58' title='bbox 216 1320 334 1387; x_wconf 80' lang='lat' dir='ltr'><strong>Habes</strong></span> <span class='ocrx_word' id='word_1_59' title='bbox 362 1321 433 1386; x_wconf 83' lang='lat' dir='ltr'><strong>iere</strong></span> <span class='ocrx_word' id='word_1_60' title='bbox 462 1321 505 1384; x_wconf 85' lang='lat' dir='ltr'><strong>de</strong></span> <span class='ocrx_word' id='word_1_61' title='bbox 528 1324 631 1386; x_wconf 82' lang='lat' dir='ltr'><strong>rebus</strong></span> <span class='ocrx_word' id='word_1_62' title='bbox 652 1320 794 1388; x_wconf 81' lang='lat' dir='ltr'><strong>rusticis.</strong></span> <span class='ocrx_word' id='word_1_63' title='bbox 843 1324 1020 1393; x_wconf 79' lang='lat' dir='ltr'><strong>Urbanam</strong></span> <span class='ocrx_word' id='word_1_64' title='bbox 1045 1330 1168 1420; x_wconf 83' lang='lat' dir='ltr'><strong>expuli·</strong></span> 
     </span>
     <span class='ocr_line' id='line_1_11' title="bbox 136 1422 1169 1513; baseline 0.008 -25"><span class='ocrx_word' id='word_1_65' title='bbox 136 1427 267 1489; x_wconf 77' lang='lat' dir='ltr'><strong>tionem</strong></span> <span class='ocrx_word' id='word_1_66' title='bbox 288 1432 392 1513; x_wconf 82' lang='lat' dir='ltr'><strong>urget</strong></span> <span class='ocrx_word' id='word_1_67' title='bbox 415 1422 507 1487; x_wconf 89' lang='lat' dir='ltr'><strong>illam</strong></span> <span class='ocrx_word' id='word_1_68' title='bbox 528 1423 683 1508; x_wconf 90' lang='lat' dir='ltr'><strong>quidem,</strong></span> <span class='ocrx_word' id='word_1_69' title='bbox 717 1428 751 1487; x_wconf 84' lang='lat' dir='ltr'><strong>ei</strong></span> <span class='ocrx_word' id='word_1_70' title='bbox 770 1422 992 1501; x_wconf 79' lang='lat' dir='ltr'><strong>Philotimus,</strong></span> <span class='ocrx_word' id='word_1_71' title='bbox 1028 1441 1065 1495; x_wconf 88' lang='lat' dir='ltr'><strong>et</strong></span> <span class='ocrx_word' id='word_1_72' title='bbox 1091 1431 1169 1499; x_wconf 86' lang='lat' dir='ltr'><strong>Cin·</strong></span> 
     </span>
     <span class='ocr_line' id='line_1_12' title="bbox 136 1521 1168 1614; baseline 0.01 -25"><span class='ocrx_word' id='word_1_73' title='bbox 136 1530 230 1604; x_wconf 62' lang='grc' dir='ltr'><strong>οἰνος</strong></span> <span class='ocrx_word' id='word_1_74' title='bbox 249 1521 305 1590; x_wconf 79' lang='lat' dir='ltr'><strong>sed</strong></span> <span class='ocrx_word' id='word_1_75' title='bbox 328 1529 428 1591; x_wconf 82' lang='lat' dir='ltr'><strong>ettam</strong></span> <span class='ocrx_word' id='word_1_76' title='bbox 451 1523 520 1611; x_wconf 80' lang='lat' dir='ltr'><strong>ipse</strong></span> <span class='ocrx_word' id='word_1_77' title='bbox 542 1523 666 1588; x_wconf 85' lang='lat' dir='ltr'><strong>crebro</strong></span> <span class='ocrx_word' id='word_1_78' title='bbox 680 1525 858 1602; x_wconf 86' lang='lat' dir='ltr'><strong>intervilo,</strong></span> <span class='ocrx_word' id='word_1_79' title='bbox 878 1528 972 1614; x_wconf 90' lang='lat' dir='ltr'><strong>quod</strong></span> <span class='ocrx_word' id='word_1_80' title='bbox 995 1529 1046 1595; x_wconf 85' lang='lat' dir='ltr'><strong>eit</strong></span> <span class='ocrx_word' id='word_1_81' title='bbox 1068 1533 1168 1599; x_wconf 84' lang='lat' dir='ltr'><strong>facile</strong></span> 
     </span>
     <span class='ocr_line' id='line_1_13' title="bbox 135 1624 1167 1715; baseline 0.009 -24"><span class='ocrx_word' id='word_1_82' title='bbox 135 1627 243 1691; x_wconf 77' lang='lat' dir='ltr'><strong>iactu,</strong></span> <span class='ocrx_word' id='word_1_83' title='bbox 286 1624 518 1715; x_wconf 76' lang='lat' dir='ltr'><strong>Quamobrem</strong></span> <span class='ocrx_word' id='word_1_84' title='bbox 546 1645 583 1691; x_wconf 82' lang='lat' dir='ltr'><strong>ea</strong></span> <span class='ocrx_word' id='word_1_85' title='bbox 612 1636 648 1692; x_wconf 86' lang='lat' dir='ltr'><strong>te</strong></span> <span class='ocrx_word' id='word_1_86' title='bbox 674 1646 755 1690; x_wconf 84' lang='lat' dir='ltr'><strong>cure</strong></span> <span class='ocrx_word' id='word_1_87' title='bbox 776 1625 953 1695; x_wconf 86' lang='lat' dir='ltr'><strong>liberatum</strong></span> <span class='ocrx_word' id='word_1_88' title='bbox 977 1630 1070 1698; x_wconf 85' lang='lat' dir='ltr'><strong>volo.</strong></span> <span class='ocrx_word' id='word_1_89' title='bbox 1115 1634 1167 1700; x_wconf 87' lang='lat' dir='ltr'><strong>De</strong></span> 
     </span>
     <span class='ocr_line' id='line_1_14' title="bbox 138 1725 1168 1819; baseline 0.01 -27"><span class='ocrx_word' id='word_1_90' title='bbox 138 1725 305 1793; x_wconf 78' lang='lat' dir='ltr'><strong>Cicerone</strong></span> <span class='ocrx_word' id='word_1_91' title='bbox 322 1730 414 1811; x_wconf 83' lang='lat' dir='ltr'><strong>quod</strong></span> <span class='ocrx_word' id='word_1_92' title='bbox 429 1746 485 1791; x_wconf 89' lang='lat' dir='ltr'><strong>me</strong></span> <span class='ocrx_word' id='word_1_93' title='bbox 501 1727 629 1811; x_wconf 84' lang='lat' dir='ltr'><strong>semper</strong></span> <span class='ocrx_word' id='word_1_94' title='bbox 644 1749 755 1819; x_wconf 85' lang='lat' dir='ltr'><strong>rogas,</strong></span> <span class='ocrx_word' id='word_1_95' title='bbox 773 1726 908 1819; x_wconf 83' lang='lat' dir='ltr'><strong>igno&#39;lco</strong></span> <span class='ocrx_word' id='word_1_96' title='bbox 922 1732 1083 1816; x_wconf 84' lang='lat' dir='ltr'><strong>equidem</strong></span> <span class='ocrx_word' id='word_1_97' title='bbox 1097 1739 1168 1811; x_wconf 87' lang='lat' dir='ltr'><strong>tibi,</strong></span> 
     </span>
     <span class='ocr_line' id='line_1_15' title="bbox 135 1824 1168 1916; baseline 0.006 -19"><span class='ocrx_word' id='word_1_98' title='bbox 135 1826 192 1897; x_wconf 74' lang='lat' dir='ltr'><strong>fed</strong></span> <span class='ocrx_word' id='word_1_99' title='bbox 212 1840 253 1894; x_wconf 93' lang='lat' dir='ltr'><strong>tu</strong></span> <span class='ocrx_word' id='word_1_100' title='bbox 272 1848 407 1914; x_wconf 75' lang='lat' dir='ltr'><strong>quoque</strong></span> <span class='ocrx_word' id='word_1_101' title='bbox 423 1824 504 1892; x_wconf 90' lang='lat' dir='ltr'><strong>mibi</strong></span> <span class='ocrx_word' id='word_1_102' title='bbox 518 1827 617 1895; x_wconf 85' lang='lat' dir='ltr'><strong>velim</strong></span> <span class='ocrx_word' id='word_1_103' title='bbox 636 1827 801 1916; x_wconf 72' lang='lat' dir='ltr'><strong>Ignoscas.</strong></span> <span class='ocrx_word' id='word_1_104' title='bbox 844 1830 920 1895; x_wconf 86' lang='lat' dir='ltr'><strong>Non</strong></span> <span class='ocrx_word' id='word_1_105' title='bbox 941 1838 1035 1897; x_wconf 82' lang='lat' dir='ltr'><strong>enim</strong></span> <span class='ocrx_word' id='word_1_106' title='bbox 1051 1858 1168 1903; x_wconf 77' lang='lat' dir='ltr'><strong>conce</strong></span> 
     </span>
     <span class='ocr_line' id='line_1_16' title="bbox 139 1931 1169 2023; baseline 0.009 -27"><span class='ocrx_word' id='word_1_107' title='bbox 139 1931 186 1997; x_wconf 83' lang='lat' dir='ltr'><strong>uo</strong></span> <span class='ocrx_word' id='word_1_108' title='bbox 207 1933 290 2007; x_wconf 87' lang='lat' dir='ltr'><strong>tibi,-</strong></span> <span class='ocrx_word' id='word_1_109' title='bbox 311 1931 387 2020; x_wconf 86' lang='lat' dir='ltr'><strong>plue</strong></span> <span class='ocrx_word' id='word_1_110' title='bbox 404 1945 442 1996; x_wconf 87' lang='lat' dir='ltr'><strong>ut</strong></span> <span class='ocrx_word' id='word_1_111' title='bbox 462 1931 558 1998; x_wconf 87' lang='lat' dir='ltr'><strong>illurn</strong></span> <span class='ocrx_word' id='word_1_112' title='bbox 579 1952 689 2005; x_wconf 88' lang='lat' dir='ltr'><strong>ames,</strong></span> <span class='ocrx_word' id='word_1_113' title='bbox 718 1954 818 2018; x_wconf 80' lang='lat' dir='ltr'><strong>quam</strong></span> <span class='ocrx_word' id='word_1_114' title='bbox 835 1932 905 2020; x_wconf 81' lang='lat' dir='ltr'><strong>ipse</strong></span> <span class='ocrx_word' id='word_1_115' title='bbox 920 1954 1009 1999; x_wconf 87' lang='lat' dir='ltr'><strong>amo.</strong></span> <span class='ocrx_word' id='word_1_116' title='bbox 1052 1937 1169 2023; x_wconf 83' lang='lat' dir='ltr'><strong>Atque</strong></span> 
     </span>
     <span class='ocr_line' id='line_1_17' title="bbox 138 2030 1169 2126; baseline 0.007 -27"><span class='ocrx_word' id='word_1_117' title='bbox 138 2037 268 2099; x_wconf 81' lang='lat' dir='ltr'><strong>utinam</strong></span> <span class='ocrx_word' id='word_1_118' title='bbox 290 2031 344 2099; x_wconf 87' lang='lat' dir='ltr'><strong>his</strong></span> <span class='ocrx_word' id='word_1_119' title='bbox 367 2032 486 2103; x_wconf 84' lang='lat' dir='ltr'><strong>diebus</strong></span> <span class='ocrx_word' id='word_1_120' title='bbox 503 2039 538 2099; x_wconf 89' lang='lat' dir='ltr'><strong>in</strong></span> <span class='ocrx_word' id='word_1_121' title='bbox 553 2030 729 2121; x_wconf 76' lang='lat' dir='ltr'><strong>Arpinati,</strong></span> <span class='ocrx_word' id='word_1_122' title='bbox 751 2034 843 2118; x_wconf 90' lang='lat' dir='ltr'><strong>quod</strong></span> <span class='ocrx_word' id='word_1_123' title='bbox 863 2046 896 2099; x_wconf 91' lang='lat' dir='ltr'><strong>et</strong></span> <span class='ocrx_word' id='word_1_124' title='bbox 914 2034 985 2122; x_wconf 87' lang='lat' dir='ltr'><strong>ipse</strong></span> <span class='ocrx_word' id='word_1_125' title='bbox 999 2045 1169 2126; x_wconf 72' lang='lat' dir='ltr'><strong>cupierat,</strong></span> 
     </span>
     <span class='ocr_line' id='line_1_18' title="bbox 139 2132 1169 2233; baseline 0.011 -38"><span class='ocrx_word' id='word_1_126' title='bbox 139 2137 175 2196; x_wconf 76' lang='lat' dir='ltr'><strong>et</strong></span> <span class='ocrx_word' id='word_1_127' title='bbox 200 2154 262 2224; x_wconf 81' lang='lat' dir='ltr'><strong>ego</strong></span> <span class='ocrx_word' id='word_1_128' title='bbox 284 2152 353 2201; x_wconf 90' lang='lat' dir='ltr'><strong>uon</strong></span> <span class='ocrx_word' id='word_1_129' title='bbox 377 2140 509 2210; x_wconf 81' lang='lat' dir='ltr'><strong>minue,</strong></span> <span class='ocrx_word' id='word_1_130' title='bbox 525 2132 663 2202; x_wconf 81' lang='lat' dir='ltr'><strong>¹mecum</strong></span> <span class='ocrx_word' id='word_1_131' title='bbox 682 2133 803 2201; x_wconf 74' lang='lat' dir='ltr'><strong>fuisset.</strong></span> <span class='ocrx_word' id='word_1_132' title='bbox 845 2133 948 2226; x_wconf 81' lang='lat' dir='ltr'><strong>Quod</strong></span> <span class='ocrx_word' id='word_1_133' title='bbox 970 2138 1014 2202; x_wconf 83' lang='lat' dir='ltr'><strong>ad</strong></span> <span class='ocrx_word' id='word_1_134' title='bbox 1029 2139 1169 2233; x_wconf 82' lang='lat' dir='ltr'><strong>Pompo·</strong></span> 
     </span>
     <span class='ocr_line' id='line_1_19' title="bbox 139 2233 1225 2333; baseline 0.008 -33"><span class='ocrx_word' id='word_1_135' title='bbox 139 2238 249 2309; x_wconf 82' lang='lat' dir='ltr'><strong>uiam,</strong></span> <span class='ocrx_word' id='word_1_136' title='bbox 274 2233 545 2310; x_wconf 72' lang='lat' dir='ltr'><strong>inundetur,</strong></span> <span class='ocrx_word' id='word_1_137' title='bbox 570 2234 695 2303; x_wconf 83' lang='lat' dir='ltr'><strong>scribas</strong></span> <span class='ocrx_word' id='word_1_138' title='bbox 710 2235 826 2310; x_wconf 86' lang='lat' dir='ltr'><strong>velim,</strong></span> <span class='ocrx_word' id='word_1_139' title='bbox 847 2254 951 2323; x_wconf 86' lang='lat' dir='ltr'><strong>quum</strong></span> <span class='ocrx_word' id='word_1_140' title='bbox 967 2238 1083 2333; x_wconf 74' lang='lat' dir='ltr'><strong>aliquo</strong></span> <span class='ocrx_word' id='word_1_141' title='bbox 1105 2248 1170 2309; x_wconf 88' lang='lat' dir='ltr'><strong>cxi·</strong></span> <span class='ocrx_word' id='word_1_142' title='bbox 1222 2282 1225 2287; x_wconf 91' lang='lat'>-</span> 
     </span>
     <span class='ocr_line' id='line_1_20' title="bbox 140 2336 1169 2428; baseline 0.01 -28"><span class='ocrx_word' id='word_1_143' title='bbox 140 2337 271 2409; x_wconf 86' lang='lat' dir='ltr'><strong>bimus,</strong></span> <span class='ocrx_word' id='word_1_144' title='bbox 299 2351 352 2402; x_wconf 87' lang='lat' dir='ltr'><strong>eat</strong></span> <span class='ocrx_word' id='word_1_145' title='bbox 375 2340 572 2413; x_wconf 88' lang='lat' dir='ltr'><strong>nobiscum,</strong></span> <span class='ocrx_word' id='word_1_146' title='bbox 597 2356 810 2428; x_wconf 84' lang='lat' dir='ltr'><strong>puerumque</strong></span> <span class='ocrx_word' id='word_1_147' title='bbox 833 2336 946 2402; x_wconf 80' lang='lat' dir='ltr'><strong>ducet.</strong></span> <span class='ocrx_word' id='word_1_148' title='bbox 991 2340 1169 2410; x_wconf 84' lang='lat' dir='ltr'><strong>Clamores</strong></span> 
     </span>
     <span class='ocr_line' id='line_1_21' title="bbox 141 2434 1171 2512; baseline 0.009 -11"><span class='ocrx_word' id='word_1_149' title='bbox 141 2434 303 2512; x_wconf 77' lang='lat' dir='ltr'><strong>efficiam,</strong></span> <span class='ocrx_word' id='word_1_150' title='bbox 339 2436 460 2507; x_wconf 77' lang='lat' dir='ltr'><strong>iteum</strong></span> <span class='ocrx_word' id='word_1_151' title='bbox 484 2460 619 2505; x_wconf 89' lang='lat' dir='ltr'><strong>mecum</strong></span> <span class='ocrx_word' id='word_1_152' title='bbox 642 2436 791 2502; x_wconf 84' lang='lat' dir='ltr'><strong>habuero</strong></span> <span class='ocrx_word' id='word_1_153' title='bbox 812 2438 949 2505; x_wconf 86' lang='lat' dir='ltr'><strong>otiosus.</strong></span> <span class='ocrx_word' id='word_1_154' title='bbox 993 2439 1085 2507; x_wconf 79' lang='lat' dir='ltr'><strong>Nam</strong></span> <span class='ocrx_word' id='word_1_155' title='bbox 1110 2444 1171 2510; x_wconf 86' lang='lat' dir='ltr'><strong>Ro·</strong></span> 
     </span>
    </p>
   </div>
   <div class='ocr_carea' id='block_1_3' title="bbox 140 2537 1171 2836">
    <p class='ocr_par' dir='ltr' id='par_1_9' title="bbox 140 2537 1171 2836">
     <span class='ocr_line' id='line_1_22' title="bbox 141 2537 1168 2634; baseline 0.01 -32"><span class='ocrx_word' id='word_1_156' title='bbox 141 2559 214 2605; x_wconf 86' lang='lat' dir='ltr'><strong>mae</strong></span> <span class='ocrx_word' id='word_1_157' title='bbox 231 2537 416 2626; x_wconf 80' lang='lat' dir='ltr'><strong>respirandi</strong></span> <span class='ocrx_word' id='word_1_158' title='bbox 432 2565 500 2606; x_wconf 89' lang='lat' dir='ltr'><strong>nou</strong></span> <span class='ocrx_word' id='word_1_159' title='bbox 518 2541 565 2606; x_wconf 85' lang='lat' dir='ltr'><strong>est</strong></span> <span class='ocrx_word' id='word_1_160' title='bbox 583 2541 693 2606; x_wconf 88' lang='lat' dir='ltr'><strong>locus.</strong></span> <span class='ocrx_word' id='word_1_161' title='bbox 735 2539 776 2602; x_wconf 88' lang='lat' dir='ltr'><strong>ld</strong></span> <span class='ocrx_word' id='word_1_162' title='bbox 791 2562 846 2604; x_wconf 86' lang='lat' dir='ltr'><strong>me</strong></span> <span class='ocrx_word' id='word_1_163' title='bbox 866 2539 928 2605; x_wconf 88' lang='lat' dir='ltr'><strong>scis</strong></span> <span class='ocrx_word' id='word_1_164' title='bbox 951 2555 1052 2609; x_wconf 87' lang='lat' dir='ltr'><strong>antea</strong></span> <span class='ocrx_word' id='word_1_165' title='bbox 1067 2553 1168 2634; x_wconf 86' lang='lat' dir='ltr'><strong>gratis</strong></span> 
     </span>
     <span class='ocr_line' id='line_1_23' title="bbox 140 2637 1171 2731; baseline 0.007 -26"><span class='ocrx_word' id='word_1_166' title='bbox 140 2643 203 2705; x_wconf 85' lang='lat' dir='ltr'><strong>tibi</strong></span> <span class='ocrx_word' id='word_1_167' title='bbox 226 2637 290 2705; x_wconf 84' lang='lat' dir='ltr'><strong>eise</strong></span> <span class='ocrx_word' id='word_1_168' title='bbox 312 2641 512 2728; x_wconf 86' lang='lat' dir='ltr'><strong>pollicitum.</strong></span> <span class='ocrx_word' id='word_1_169' title='bbox 576 2639 669 2731; x_wconf 81' lang='lat' dir='ltr'><strong>Quid</strong></span> <span class='ocrx_word' id='word_1_170' title='bbox 697 2643 789 2709; x_wconf 81' lang='lat' dir='ltr'><strong>nunc</strong></span> <span class='ocrx_word' id='word_1_171' title='bbox 817 2653 914 2731; x_wconf 86' lang='lat' dir='ltr'><strong>putas</strong></span> <span class='ocrx_word' id='word_1_172' title='bbox 940 2653 1036 2710; x_wconf 82' lang='lat' dir='ltr'><strong>tanta</strong></span> <span class='ocrx_word' id='word_1_173' title='bbox 1056 2649 1119 2715; x_wconf 86' lang='lat' dir='ltr'><strong>abs</strong></span> <span class='ocrx_word' id='word_1_174' title='bbox 1139 2660 1171 2712; x_wconf 87' lang='lat' dir='ltr'><strong>te</strong></span> 
     </span>
     <span class='ocr_line' id='line_1_24' title="bbox 140 2738 620 2836; baseline 0 -26"><span class='ocrx_word' id='word_1_175' title='bbox 140 2739 226 2812; x_wconf 82' lang='lat' dir='ltr'><strong>mihi</strong></span> <span class='ocrx_word' id='word_1_176' title='bbox 247 2745 406 2808; x_wconf 88' lang='lat' dir='ltr'><strong>mercede</strong></span> <span class='ocrx_word' id='word_1_177' title='bbox 426 2738 620 2836; x_wconf 78' lang='lat' dir='ltr'><strong>proposita?</strong></span> 
     </span>
    </p>
   </div>
   <div class='ocr_carea' id='block_1_4' title="bbox 519 2953 788 2970">
    <p class='ocr_par' dir='ltr' id='par_1_10' title="bbox 519 2953 788 2970">
     <span class='ocr_line' id='line_1_25' title="bbox 519 2953 788 2970; baseline 0.004 -3"><span class='ocrx_word' id='word_1_178' title='bbox 519 2953 788 2970; x_wconf 60' lang='lat' dir='ltr'><strong>m</strong></span> 
     </span>
    </p>
   </div>
   <div class='ocr_carea' id='block_1_5' title="bbox 141 3070 1176 3582">
    <p class='ocr_par' dir='ltr' id='par_1_11' title="bbox 141 3070 1173 3245">
     <span class='ocr_line' id='line_1_26' title="bbox 184 3070 1173 3164; baseline 0.005 -29"><span class='ocrx_word' id='word_1_179' title='bbox 184 3072 325 3164; x_wconf 76' lang='lat' dir='ltr'><strong>putiau]</strong></span> <span class='ocrx_word' id='word_1_180' title='bbox 368 3073 480 3142; x_wconf 80' lang='lat' dir='ltr'><strong>statues</strong></span> <span class='ocrx_word' id='word_1_181' title='bbox 506 3070 630 3140; x_wconf 75' lang='lat' dir='ltr'><strong>Graeco</strong></span> <span class='ocrx_word' id='word_1_182' title='bbox 685 3088 781 3159; x_wconf 82' lang='lat' dir='ltr'><strong>quum</strong></span> <span class='ocrx_word' id='word_1_183' title='bbox 807 3088 955 3156; x_wconf 85' lang='lat' dir='ltr'><strong>quemum</strong></span> <span class='ocrx_word' id='word_1_184' title='bbox 995 3073 1079 3139; x_wconf 81' lang='lat' dir='ltr'><strong>filice</strong></span> <span class='ocrx_word' id='word_1_185' title='bbox 1106 3092 1173 3140; x_wconf 80' lang='lat' dir='ltr'><strong>tum</strong></span> 
     </span>
     <span class='ocr_line' id='line_1_27' title="bbox 141 3154 1097 3245; baseline -0.002 -18"><span class='ocrx_word' id='word_1_186' title='bbox 141 3154 251 3227; x_wconf 76' lang='lat' dir='ltr'><strong>habitu</strong></span> <span class='ocrx_word' id='word_1_187' title='bbox 266 3158 421 3244; x_wconf 79' lang='lat' dir='ltr'><strong>significet.</strong></span> <span class='ocrx_word' id='word_1_188' title='bbox 684 3160 866 3245; x_wconf 78' lang='lat' dir='ltr'><strong>perfecerit,</strong></span> <span class='ocrx_word' id='word_1_189' title='bbox 898 3158 1097 3225; x_wconf 77' lang='lat' dir='ltr'><strong>intellexerit.</strong></span> 
     </span>
    </p>

    <p class='ocr_par' dir='ltr' id='par_1_12' title="bbox 144 3242 1173 3413">
     <span class='ocr_line' id='line_1_28' title="bbox 188 3242 1173 3335; baseline 0 -29"><span class='ocrx_word' id='word_1_190' title='bbox 188 3267 215 3308; x_wconf 76' lang='lat' dir='ltr'><strong>a.</strong></span> <span class='ocrx_word' id='word_1_191' title='bbox 240 3248 324 3308; x_wconf 79' lang='lat' dir='ltr'><strong>illam</strong></span> <span class='ocrx_word' id='word_1_192' title='bbox 348 3242 492 3335; x_wconf 80' lang='lat' dir='ltr'><strong>quidem]</strong></span> <span class='ocrx_word' id='word_1_193' title='bbox 523 3245 629 3332; x_wconf 82' lang='lat' dir='ltr'><strong>Vulgo</strong></span> <span class='ocrx_word' id='word_1_194' title='bbox 727 3243 863 3331; x_wconf 79' lang='lat' dir='ltr'><strong>otiosus]</strong></span> <span class='ocrx_word' id='word_1_195' title='bbox 916 3242 963 3305; x_wconf 82' lang='lat' dir='ltr'><strong>lte</strong></span> <span class='ocrx_word' id='word_1_196' title='bbox 1001 3242 1173 3308; x_wconf 78' lang='lat' dir='ltr'><strong>ueceffetio</strong></span> 
     </span>
     <span class='ocr_line' id='line_1_29' title="bbox 144 3328 1173 3413; baseline 0 -25"><span class='ocrx_word' id='word_1_197' title='bbox 144 3330 196 3390; x_wconf 84' lang='lat' dir='ltr'><strong>ille</strong></span> <span class='ocrx_word' id='word_1_198' title='bbox 221 3335 353 3413; x_wconf 81' lang='lat' dir='ltr'><strong>quidem·</strong></span> <span class='ocrx_word' id='word_1_199' title='bbox 684 3328 876 3394; x_wconf 75' lang='lat' dir='ltr'><strong>scribendum</strong></span> <span class='ocrx_word' id='word_1_200' title='bbox 899 3344 981 3406; x_wconf 67' lang='grc' dir='ltr'><strong>παις</strong></span> <span class='ocrx_word' id='word_1_201' title='bbox 1008 3348 1080 3392; x_wconf 83' lang='lat' dir='ltr'><strong>non</strong></span> <span class='ocrx_word' id='word_1_202' title='bbox 1103 3333 1173 3389; x_wconf 80' lang='lat' dir='ltr'><strong>orio·</strong></span> 
     </span>
    </p>

    <p class='ocr_par' dir='ltr' id='par_1_13' title="bbox 142 3410 1176 3582">
     <span class='ocr_line' id='line_1_30' title="bbox 185 3410 1176 3502; baseline 0 -27"><span class='ocrx_word' id='word_1_203' title='bbox 185 3410 361 3477; x_wconf 70' lang='lat' dir='ltr'><strong>Philotimus</strong></span> <span class='ocrx_word' id='word_1_204' title='bbox 376 3427 405 3474; x_wconf 86' lang='lat' dir='ltr'><strong>et</strong></span> <span class='ocrx_word' id='word_1_205' title='bbox 420 3411 558 3502; x_wconf 79' lang='lat' dir='ltr'><strong>Cincius]</strong></span> <span class='ocrx_word' id='word_1_206' title='bbox 579 3416 632 3477; x_wconf 89' lang='lat' dir='ltr'><strong>ille</strong></span> <span class='ocrx_word' id='word_1_207' title='bbox 677 3416 746 3493; x_wconf 79' lang='lat' dir='ltr'><strong>surii</strong></span> <span class='ocrx_word' id='word_1_208' title='bbox 766 3431 801 3475; x_wconf 84' lang='lat' dir='ltr'><strong>ut</strong></span> <span class='ocrx_word' id='word_1_209' title='bbox 825 3414 930 3499; x_wconf 82' lang='lat' dir='ltr'><strong>vulgo.</strong></span> <span class='ocrx_word' id='word_1_210' title='bbox 973 3413 1010 3474; x_wconf 87' lang='lat' dir='ltr'><strong>ld</strong></span> <span class='ocrx_word' id='word_1_211' title='bbox 1035 3435 1089 3475; x_wconf 78' lang='lat' dir='ltr'><strong>rer</strong></span> <span class='ocrx_word' id='word_1_212' title='bbox 1115 3414 1176 3497; x_wconf 81' lang='lat' dir='ltr'><strong>ipse</strong></span> 
     </span>
     <span class='ocr_line' id='line_1_31' title="bbox 142 3490 1156 3582; baseline 0.002 -22"><span class='ocrx_word' id='word_1_213' title='bbox 142 3490 244 3562; x_wconf 80' lang='lat' dir='ltr'><strong>Marci</strong></span> <span class='ocrx_word' id='word_1_214' title='bbox 277 3501 326 3562; x_wconf 88' lang='lat' dir='ltr'><strong>hic</strong></span> <span class='ocrx_word' id='word_1_215' title='bbox 354 3502 462 3582; x_wconf 85' lang='lat' dir='ltr'><strong>Quinti</strong></span> <span class='ocrx_word' id='word_1_216' title='bbox 492 3506 630 3564; x_wconf 87' lang='lat' dir='ltr'><strong>nomine.</strong></span> <span class='ocrx_word' id='word_1_217' title='bbox 687 3517 719 3561; x_wconf 88' lang='lat' dir='ltr'><strong>et</strong></span> <span class='ocrx_word' id='word_1_218' title='bbox 742 3496 1008 3580; x_wconf 84' lang='lat' dir='ltr'><strong>loquentieverbe</strong></span> <span class='ocrx_word' id='word_1_219' title='bbox 1027 3500 1156 3562; x_wconf 82' lang='lat' dir='ltr'><strong>docent.</strong></span> 
     </span>
    </p>
   </div>
   <div class='ocr_carea' id='block_1_6' title="bbox 11 3575 1177 3668">
    <p class='ocr_par' dir='ltr' id='par_1_14' title="bbox 11 3575 1177 3668">
     <span class='ocr_line' id='line_1_32' title="bbox 11 3575 1177 3668; baseline 0.002 -24"><span class='ocrx_word' id='word_1_220' title='bbox 11 3620 14 3625; x_wconf 92' lang='lat'><em>-</em></span> <span class='ocrx_word' id='word_1_221' title='bbox 143 3575 327 3648; x_wconf 73' lang='lat' dir='ltr'><strong>Philotimus</strong></span> <span class='ocrx_word' id='word_1_222' title='bbox 360 3591 441 3646; x_wconf 78' lang='lat' dir='ltr'><strong>enim</strong></span> <span class='ocrx_word' id='word_1_223' title='bbox 464 3587 632 3649; x_wconf 82' lang='lat' dir='ltr'><strong>Terentiae</strong></span> <span class='ocrx_word' id='word_1_224' title='bbox 686 3605 690 3613; x_wconf 90' lang='lat'>·</span> <span class='ocrx_word' id='word_1_225' title='bbox 726 3579 1065 3666; x_wconf 77' lang='lat' dir='ltr'><strong>tentamercede&#39;]quel</strong></span> <span class='ocrx_word' id='word_1_226' title='bbox 1083 3600 1177 3668; x_wconf 80' lang='lat' dir='ltr'><strong>quem</strong></span> 
     </span>
    </p>
   </div>
   <div class='ocr_carea' id='block_1_7' title="bbox 142 3664 1184 4179">
    <p class='ocr_par' dir='ltr' id='par_1_15' title="bbox 142 3664 1182 4005">
     <span class='ocr_line' id='line_1_33' title="bbox 142 3664 1178 3753; baseline 0.001 -22"><span class='ocrx_word' id='word_1_227' title='bbox 142 3664 289 3747; x_wconf 59' lang='lat' dir='ltr'><strong>libertum</strong></span> <span class='ocrx_word' id='word_1_228' title='bbox 311 3673 434 3732; x_wconf 79' lang='lat' dir='ltr'><strong>Cincius</strong></span> <span class='ocrx_word' id='word_1_229' title='bbox 449 3673 540 3730; x_wconf 84' lang='lat' dir='ltr'><strong>Attici</strong></span> <span class='ocrx_word' id='word_1_230' title='bbox 557 3692 633 3750; x_wconf 86' lang='lat' dir='ltr'><strong>pro·</strong></span> <span class='ocrx_word' id='word_1_231' title='bbox 688 3666 1178 3753; x_wconf 83' lang='lat' dir='ltr'><strong>divinerc,quumepistoleQuiu·</strong></span> 
     </span>
     <span class='ocr_line' id='line_1_34' title="bbox 143 3751 1180 3836; baseline 0.005 -22"><span class='ocrx_word' id='word_1_232' title='bbox 143 3760 293 3826; x_wconf 84' lang='lat' dir='ltr'><strong>curetur,</strong></span> <span class='ocrx_word' id='word_1_233' title='bbox 336 3761 421 3816; x_wconf 80' lang='lat' dir='ltr'><strong>cuiue</strong></span> <span class='ocrx_word' id='word_1_234' title='bbox 451 3756 631 3836; x_wconf 88' lang='lat' dir='ltr'><strong>Pomponio</strong></span> <span class='ocrx_word' id='word_1_235' title='bbox 686 3759 792 3818; x_wconf 75' lang='lat' dir='ltr'><strong>iinon</strong></span> <span class='ocrx_word' id='word_1_236' title='bbox 808 3751 915 3824; x_wconf 75' lang='lat' dir='ltr'><strong>exiiet,</strong></span> <span class='ocrx_word' id='word_1_237' title='bbox 927 3753 1069 3817; x_wconf 81' lang='lat' dir='ltr'><strong>divinare</strong></span> <span class='ocrx_word' id='word_1_238' title='bbox 1083 3777 1180 3819; x_wconf 86' lang='lat' dir='ltr'><strong>nemo</strong></span> 
     </span>
     <span class='ocr_line' id='line_1_35' title="bbox 142 3836 1182 3923; baseline 0.005 -24"><span class='ocrx_word' id='word_1_239' title='bbox 142 3836 234 3904; x_wconf 84' lang='lat' dir='ltr'><strong>loror</strong></span> <span class='ocrx_word' id='word_1_240' title='bbox 278 3837 387 3923; x_wconf 80' lang='lat' dir='ltr'><strong>Quinti</strong></span> <span class='ocrx_word' id='word_1_241' title='bbox 432 3860 512 3902; x_wconf 80' lang='lat' dir='ltr'><strong>uxor</strong></span> <span class='ocrx_word' id='word_1_242' title='bbox 555 3857 632 3904; x_wconf 82' lang='lat' dir='ltr'><strong>eret.</strong></span> <span class='ocrx_word' id='word_1_243' title='bbox 687 3836 799 3921; x_wconf 77' lang='lat' dir='ltr'><strong>poteih</strong></span> <span class='ocrx_word' id='word_1_244' title='bbox 854 3839 1038 3900; x_wconf 81' lang='lat' dir='ltr'><strong>Mercedem</strong></span> <span class='ocrx_word' id='word_1_245' title='bbox 1074 3856 1182 3904; x_wconf 82' lang='lat' dir='ltr'><strong>remen</strong></span> 
     </span>
     <span class='ocr_line' id='line_1_36' title="bbox 143 3916 1182 4005; baseline 0.006 -22"><span class='ocrx_word' id='word_1_246' title='bbox 143 3916 265 3988; x_wconf 72' lang='lat' dir='ltr'><strong>Manui.</strong></span> <span class='ocrx_word' id='word_1_247' title='bbox 432 3975 433 3979; x_wconf 69' lang='grc'>,</span> <span class='ocrx_word' id='word_1_248' title='bbox 686 3944 753 3988; x_wconf 86' lang='lat' dir='ltr'><strong>uon</strong></span> <span class='ocrx_word' id='word_1_249' title='bbox 775 3929 945 4005; x_wconf 76' lang='lat' dir='ltr'><strong>pecuniae,</strong></span> <span class='ocrx_word' id='word_1_250' title='bbox 978 3940 1047 3986; x_wconf 89' lang='lat' dir='ltr'><strong>nou</strong></span> <span class='ocrx_word' id='word_1_251' title='bbox 1072 3927 1182 4002; x_wconf 77' lang='lat' dir='ltr'><strong>fundi,</strong></span> 
     </span>
    </p>

    <p class='ocr_par' dir='ltr' id='par_1_16' title="bbox 142 4005 1184 4179">
     <span class='ocr_line' id='line_1_37' title="bbox 187 4005 1184 4096; baseline 0.008 -28"><span class='ocrx_word' id='word_1_252' title='bbox 187 4015 330 4070; x_wconf 71' lang='lat' dir='ltr'><strong>clamores</strong></span> <span class='ocrx_word' id='word_1_253' title='bbox 353 4007 509 4096; x_wconf 59' lang='lat' dir='ltr'><strong>efficiemi</strong></span> <span class='ocrx_word' id='word_1_254' title='bbox 541 4012 632 4071; x_wconf 86' lang='lat' dir='ltr'><strong>mire·</strong></span> <span class='ocrx_word' id='word_1_255' title='bbox 688 4006 741 4070; x_wconf 86' lang='lat' dir='ltr'><strong>led</strong></span> <span class='ocrx_word' id='word_1_256' title='bbox 755 4010 869 4073; x_wconf 80' lang='lat' dir='ltr'><strong>amorii</strong></span> <span class='ocrx_word' id='word_1_257' title='bbox 882 4020 963 4092; x_wconf 80' lang='lat' dir='ltr'><strong>puto</strong></span> <span class='ocrx_word' id='word_1_258' title='bbox 978 4005 1081 4076; x_wconf 79' lang='lat' dir='ltr'><strong>inille.</strong></span> <span class='ocrx_word' id='word_1_259' title='bbox 1112 4011 1184 4076; x_wconf 75' lang='lat' dir='ltr'><strong>Ma·</strong></span> 
     </span>
     <span class='ocr_line' id='line_1_38' title="bbox 142 4088 749 4179; baseline 0.002 -22"><span class='ocrx_word' id='word_1_260' title='bbox 142 4091 221 4160; x_wconf 74' lang='lat' dir='ltr'><strong>bilei</strong></span> <span class='ocrx_word' id='word_1_261' title='bbox 249 4116 268 4159; x_wconf 87' lang='lat' dir='ltr'><strong>e</strong></span> <span class='ocrx_word' id='word_1_262' title='bbox 302 4111 335 4158; x_wconf 86' lang='lat' dir='ltr'><strong>te</strong></span> <span class='ocrx_word' id='word_1_263' title='bbox 359 4088 484 4179; x_wconf 76' lang='lat' dir='ltr'><strong>plausui</strong></span> <span class='ocrx_word' id='word_1_264' title='bbox 514 4096 631 4171; x_wconf 83' lang='lat' dir='ltr'><strong>ierem,</strong></span> <span class='ocrx_word' id='word_1_265' title='bbox 688 4095 749 4157; x_wconf 79' lang='lat' dir='ltr'><strong>rui·</strong></span> 
     </span>
    </p>
   </div>
   <div class='ocr_carea' id='block_1_8' title="bbox 0 0 1269 4808">
    <p class='ocr_par' dir='ltr' id='par_1_17' title="bbox 0 0 1269 4808">
     <span class='ocr_line' id='line_1_39' title="bbox 0 0 1269 4808; baseline 0 0"><span class='ocrx_word' id='word_1_266' title='bbox 0 0 1269 4808; x_wconf 95' lang='lat' dir='ltr'><strong> </strong></span> 
     </span>
    </p>
   </div>
  </div>
 </body>
</html>
