2506 4808
344 331 630 405 EPISTOLA
674 335 862 407 CXLVI.
1056 365 1119 430 2²7

84 533 152 596 iam
178 526 280 599 dixit,
314 521 377 588 sese
404 526 482 599 tibi,
516 524 742 589 suburbanum
765 521 786 588 si
809 528 900 610 quod
922 528 1120 606 invenisset,¹

85 654 156 699 non
180 631 414 695 dubitaturum
443 624 506 690 esse
534 647 657 690 emere.
699 626 740 690 Iu
764 632 836 692 eius
867 629 1021 695 sermone
1051 651 1116 719 ego

86 747 270 814 utrumque
291 725 380 793 soleo
401 727 573 790 admirari:
596 738 630 790 et
650 739 684 791 te
700 727 742 791 de
764 725 955 794 suburbano
970 732 1116 797 emendo

88 855 192 917 quum
207 832 248 894 ad
261 830 356 896 illum
371 829 517 903 scribam
538 849 606 892 non
623 826 726 892 modo
741 829 781 893 od
796 852 850 894 me
865 853 935 896 uon
949 829 1115 906 scribere,

88 935 265 999 sedetiam
291 931 389 995 asiam
410 935 444 994 in
464 926 661 992 sententiam
681 923 841 1012 scribere3
867 942 919 1006 et,
945 953 1047 1014 quum
1071 931 1114 995 ad

86 1037 180 1102 illum
199 1035 343 1109 scribas,
365 1029 447 1097 nibil
463 1042 496 1093 te
513 1028 685 1092 recordari
700 1029 743 1092 de
759 1030 905 1119 epistolis
923 1032 1007 1108 illis,
1028 1053 1112 1118 quas

86 1143 122 1202 in
138 1135 332 1202 Tusculano
355 1140 426 1198 eius
447 1143 487 1197 tu
508 1128 591 1193 mihi
612 1127 799 1206 ostendisti,
820 1131 904 1198 nihil
921 1135 962 1199 do
977 1157 1113 1223 praece·

85 1241 155 1326 ptis
171 1233 382 1327 Epicharmi,
406 1233 524 1312 γνῶθι,
546 1232 611 1302 coir
629 1229 714 1314 dito
734 1233 905 1320 κίχρηταις
927 1248 1037 1300 totum
1057 1236 1114 1302 de·

85 1345 187 1421 nique
210 1334 356 1409 vultum,
382 1338 548 1404 animum,
569 1330 755 1396 sermonem
779 1337 868 1409 eiua,
899 1337 1115 1420 quemadmo-

87 1439 168 1502 dum
183 1441 340 1510 coniicio,
361 1431 448 1518 quas1
463 1448 489 1496 c*
505 1455 523 1495 a
551 1431 606 1497 sed
620 1436 701 1496 haee
717 1435 900 1501 tunderis.
929 1434 983 1501 De
998 1436 1115 1503 subur·

85 1543 193 1613 bano,
218 1558 314 1610 cura,
335 1547 374 1600 ut
396 1533 509 1606 sciam,
529 1533 608 1617 qnid
629 1532 728 1599 velis:
750 1548 783 1597 et
800 1533 894 1600 simul
909 1539 1033 1623 nequid
1055 1537 1114 1604 isle

86 1643 220 1712 turbet,
243 1637 330 1704 vide.
374 1633 465 1724 Quid
486 1632 681 1720 praeterea?
711 1635 825 1725 Quid?
857 1645 969 1704 etiam.
1014 1639 1114 1705 Gabi·

87 1746 163 1806 nius
181 1761 209 1804 a.
226 1739 258 1802 d.
277 1756 343 1800 1111
366 1734 434 1801 kal.
452 1732 594 1801 Octobr.
616 1749 721 1802 noctu
739 1744 776 1804 iu
801 1742 922 1806 urbem
940 1747 1112 1812 introivit:

463 1981 730 2001 m

127 2155 200 2216 nihil
222 2165 252 2215 te
267 2145 443 2234 recordari]
463 2149 569 2236 Vulgo
628 2157 691 2213 eiua
711 2169 809 2234 opera
834 2155 866 2216 in
889 2156 1023 2217 emendo
1044 2155 1113 2219 sub·

87 2243 210 2303 additur
224 2246 262 2298 de
275 2241 310 2315 se
324 2237 412 2319 quod
426 2237 456 2296 b.
471 2236 491 2296 s.
512 2257 572 2299 nee
627 2239 748 2300 urbano
759 2243 910 2322 cogitaret
923 2248 975 2303 uti.
988 2240 1112 2305 Manui.

84 2328 153 2389 satis
170 2327 374 2409 grammaticis
392 2320 571 2404 legibuara·
662 2324 830 2398 sermonem
857 2329 935 2398 eius,
975 2331 1112 2405 quemad·

85 2412 236 2492 spondet,
277 2424 308 2468 et
336 2423 497 2487 praeterea
526 2404 572 2467 su·
627 2413 747 2465 modum
762 2411 900 2481 coniicio,
920 2415 1032 2487 quasia
1055 2409 1112 2498 a]

85 2495 240 2579 perfluum
256 2491 309 2564 est,
332 2512 428 2572 quum
444 2489 573 2571 sequan·
628 2493 729 2564 Haec,
748 2508 784 2554 ut
798 2513 880 2555 nunc
893 2496 1054 2578 leguntur,
1071 2502 1115 2556 vi·

85 2598 137 2643 tur
151 2579 243 2638 verbo
261 2588 354 2635 totum
369 2578 495 2656 denique
510 2579 571 2634 vul·
628 2581 662 2636 tii
685 2577 801 2658 aliquid
825 2599 842 2639 a
862 2580 991 2642 libroriia
1015 2594 1114 2642 traxe·

86 2678 159 2737 tum,
173 2665 312 2735 animum,
319 2662 486 2738 sermonem
500 2664 571 2734 eiua,
627 2676 708 2723 runt.
723 2663 888 2725 Lambinus
901 2665 1021 2726 addidit
1029 2673 1121 2744 igno·¹

86 2751 199 2833 quibua
225 2751 330 2808 omniu
356 2752 569 2815 continentur,
628 2756 677 2819 ro,
699 2767 807 2807 vocem
826 2766 982 2831 repertum
1003 2755 1032 2811 in
1049 2771 1113 2814 uno

86 2856 169 2919 quae
191 2834 324 2914 Quintus
348 2835 386 2889 de
405 2832 457 2906 se,
480 2827 502 2888 fi
524 2831 571 2890 sae
628 2831 738 2892 codice
764 2833 822 2893 Ma.
861 2837 971 2894 eadem
1007 2851 1113 2901 tamen

86 2920 186 2982 estita
203 2920 309 2999 loqui,
332 2935 447 2996 nempe
461 2918 499 2972 de
518 2918 570 2972 illo
627 2914 892 2996 manuscriptam.
935 2921 1051 3000 loquo
1069 2935 1116 2982 ta·

84 3004 244 3068 recordari
269 2997 380 3080 posset.
626 3020 698 3060 rnen
713 3004 947 3063 incommodum
963 3003 1005 3064 est
1019 3009 1116 3064 credis

125 3089 211 3165 γνῶθι
231 3088 290 3156 mit
313 3078 389 3161 ἄλλῳ
410 3076 571 3167 κέχρηται]
627 3105 644 3146 a
661 3087 813 3146 Cicerone
833 3084 972 3148 omissum
991 3105 1020 3148 et
1042 3095 1117 3152 taci-

86 3174 225 3252 cognofce
249 3192 303 3248 quo
323 3171 410 3227 modo
434 3170 571 3244 aliorsus
628 3187 660 3229 te
692 3166 903 3250 supplendum.
954 3174 1116 3237 Manutiua

87 3263 137 3335 eft.
182 3260 286 3325 Prius,
328 3276 422 3334 quum
453 3255 571 3324 credar,
628 3251 698 3334 post
715 3256 881 3328 sermonem
902 3259 981 3331 eius,
1004 3259 1122 3321 soban-¹

43 3419 45 3422 v
86 3345 189 3404 aiebat
204 3337 422 3419 Epicharmus,
456 3359 573 3421 cogno·
628 3337 776 3398 dieudum
792 3340 921 3419 putabat
936 3346 1073 3420 narrasti,
1084 3358 1117 3406 οι
1222 3364 1224 3369 ·

84 3427 132 3490 sce
156 3424 422 3507 quemadmodum
446 3427 486 3493 ia,
523 3426 572 3484 cui
629 3420 699 3502 post
721 3425 803 3506 quafi
820 3426 1002 3487 Ciceronem
1025 3430 1120 3489 abru-
1200 3447 1204 3460 ¹

86 3515 256 3573 crediturne
279 3529 328 3579 ea,
351 3508 412 3568 alio
435 3504 471 3567 sit
485 3503 571 3578 usus,
628 3503 704 3587 pisse
720 3507 907 3580 sermonem,
928 3533 969 3571 ne
987 3513 1118 3574 srutrem

85 3611 121 3655 ut
142 3593 163 3652 si
187 3593 216 3654 se
239 3613 311 3675 erga
326 3592 418 3652 ulium
434 3606 519 3652 recte
541 3604 572 3651 ct
628 3592 787 3665 videretur
812 3600 901 3656 nimia
924 3595 1026 3656 multia
1043 3596 1121 3657 'veri

87 3687 207 3758 optima
230 3676 292 3736 fide
316 3674 454 3759 gesserit,
485 3679 514 3734 ei
541 3690 573 3735 te
628 3675 1115 3756 biqutimprudentemmonera.

84 3779 155 3824 tuto
180 3765 371 3831 committam
403 3757 447 3819 sm
471 3765 572 3820 minua
627 3759 707 3820 Mihi
731 3777 834 3823 tamen
855 3761 924 3842 post
950 3766 1117 3844 quasiver-

85 3847 232 3925 exomplo
247 3845 357 3906 doctua
374 3864 490 3907 caveat.
507 3848 571 3922 ap·
627 3842 703 3904 bum
717 3848 837 3905 obsitum
855 3850 926 3921 esse,
949 3865 1001 3909 ant
1019 3845 1118 3912 simile

84 3933 321 4014 paretAnicium
335 3948 401 3989 non
416 3927 571 3989 bonafide
629 3928 759 4009 aliquod
804 3929 945 3992 excidisse
978 3934 1118 4013 videtum

83 4013 187 4092 suisse3
233 4017 340 4094 itaquo
367 4032 434 4072 nou
469 4013 573 4074 sacera
628 4017 670 4072 ira
696 4030 732 4076 ut
752 4018 832 4094 quasi
849 4014 885 4077 fit
898 4019 919 4078 i.
937 4037 968 4101 q.
984 4018 1118 4094 paenas,

81 4095 504 4192 Quotumiatuprudcntcr,
518 4099 577 4182 qui
619 4092 707 4187 foe.

825 4191 1013 4266 -Pz
