2506 4808
350 322 637 394 rrrsroun·
678 326 830 395 curn.
1065 348 1108 418 ,3

75 519 238 580 virorum.
285 509 378 587 Sed,
407 514 497 597 quod
520 528 555 579 te
578 537 647 579 non
669 515 772 602 fugit,
799 513 883 578 haec
908 513 1041 584 suntin
1063 542 1106 588 eo

74 638 203 705 genere
219 620 308 682 vitia.
353 614 397 676 Et
410 615 637 679 verecundius
654 614 709 703 ipsi
726 618 767 680 de
786 614 850 681 sese
866 616 1029 692 scribant,
1048 643 1106 686 ne-

74 718 164 782 cesse
186 715 250 791 est,
285 715 409 800 siquid
431 712 478 778 est
499 714 718 780 laudandum:
761 730 793 781 et
819 728 1049 804 praetereant,
1081 720 1105 788 si

74 821 156 903 quid
180 816 502 908 reprehendendum
527 817 583 881 est.
626 816 774 883 Accedit
798 826 915 892 etiam,
937 827 1107 890 ut'mine'r

73 921 114 986 fit
138 919 241 1000 fides,
263 927 375 986 minor
397 925 602 1001 auetoritas3
634 920 732 986 multi
757 921 900 1004 denique
923 924 1106 1012 reprehen-

73 1023 174 1087 dant:
212 1034 246 1085 et
267 1023 399 1095 (licant,
434 1021 695 1086 verecundiores
716 1019 779 1086 esse
803 1045 988 1110 praecones
1011 1026 1106 1094 ludo·

72 1148 149 1189 rum
168 1129 424 1216 gymnicorum,
446 1126 502 1205 qui
525 1143 628 1204 quum
643 1129 766 1187 ceteris
783 1145 926 1190 coronas
943 1127 1107 1214 imposue-

73 1232 144 1290 rint
167 1228 374 1297 victoribus,
418 1244 601 1306 eorumque
623 1229 760 1288 nomina‘
780 1247 902 1312 magna
919 1249 1008 1299 ,voce
1031 1252 1107 1315 pro·

70 1333 275 1401 nuntiarint,
298 1350 401 1411 quum
424 1323 482 1414 ips1
497 1337 575 1389 ante
594 1322 753 1390 ludorum
777 1325 963 1393 missionem
980 1353 1107 1399 corona

71 1430 264 1504 donentur,
286 1424 395 1494 ¹alium
416 1446 622 1517 praeconem
647 1423 846 1501 adhibeant,
875 1450 919 1493 ne
943 1429 998 1497 sua
1022 1455 1107 1500 voce

70 1529 129 1617 ipsi
151 1529 184 1617 se
199 1537 347 1597 victores
365 1530 428 1596 esse
444 1528 653 1618 praedicent.
698 1525 792 1592 Haec
812 1551 876 1595 nos
896 1537 1001 1598 vitare
1017 1539 1108 1623 cupi-

71 1654 168 1715 mus;
193 1646 244 1706 et,
266 1629 425 1720 firecipis
445 1628 572 1696 eausam
593 1627 757 1702 nostram,
780 1633 981 1699 vitabimus:
1002 1636 1107 1719 idque

73 1746 113 1797 ut
131 1733 249 1808 facias,
270 1754 443 1820 rogamus.
487 1730 552 1805 Ac,
575 1753 618 1794 ne
637 1729 729 1794 sorte
744 1735 879 1805 mirere,
898 1756 978 1809 cur,
1001 1757 1107 1819 quum

73 1834 159 1900 mihi
175 1835 268 1924 saepe
282 1834 489 1909 ostenderis,
509 1849 543 1898 te
561 1827 799 1898 accuratissime
811 1832 1005 1899 nostrorum
1023 1849 1107 1917 tem:

71 1959 197 2024 porum
219 1934 369 2010 consilia,
389 1948 489 2018 atque
513 1947 656 1999 eventus
678 1932 786 1997 literis
809 1935 1067 2013 mandaturum,
1087 1959 1106 2004 a

72 2051 107 2100 te
121 2039 158 2102 id
179 2060 269 2118 nunc
286 2049 378 2101 tanto
393 2058 514 2124 opere,
535 2048 652 2100 ettam
670 2034 785 2099 multis
802 2039 913 2101 verbis
929 2052 1105 2126 petamus:

72 2134 128 2201 illa
144 2159 207 2203 nos
226 2141 392 2226 cupiditas
414 2139 585 2211 incendit,
607 2137 649 2200 de
672 2159 736 2221 qua
754 2142 853 2202 initio
874 2137 1001 2226 scripsi,
1020 2139 1107 2207 sesti·

72 2244 241 2312 nationis,
262 2241 353 2323 quod
376 2239 503 2306 alacres
521 2247 633 2305 animo
657 2239 788 2304 sumus:
811 2252 849 2303 ut
864 2252 897 2304 et
914 2246 1038 2316 ceteri,
1061 2248 1108 2309 vi·

16 2333 18 2336 ⁵
73 2344 230 2406 ventibus
247 2345 367 2416 nobiS,
390 2365 433 2406 ex
447 2342 544 2408 libris
561 2347 628 2406 tuis
650 2363 714 2405 nos
734 2339 956 2428 cognoscant,
978 2356 1011 2407 et
1027 2364 1107 2408 nos·

75 2439 203 2528 metipsi
220 2447 285 2507 vivi
302 2443 440 2528 gloriola
456 2444 568 2510 nostra
587 2445 815 2533 perfruamur.

178 2542 244 2608 His
266 2547 308 2610 de
333 2551 454 2619 rebus,
484 2545 563 2630 quid
587 2556 725 2609 acturus
748 2541 809 2616 lis,
839 2540 859 2606 fi
885 2545 947 2608 tibi
966 2569 1036 2610 non
1060 2545 1107 2613 est

76 2641 275 2721 molestum,
308 2648 470 2714 rescribas
502 2644 585 2712 mihi
616 2645 728 2711 velim.
786 2645 825 2710 Si
846 2651 935 2708 enim
965 2646 1104 2735 suscipis

77 2746 227 2821 causam,
251 2748 425 2815 conficiam
441 2752 706 2813 commentarios
726 2768 841 2811 rerum
856 2751 1018 2811 omnium.
1043 2747 1106 2812 Sin

43 2840 46 2844 ⁴
76 2862 186 2913 autern
211 2852 328 2916 dissers
353 2875 407 2916 me
426 2858 463 2916 in
484 2863 619 2936 tempus
648 2848 752 2912 aliud:
788 2868 902 2912 coram
923 2859 1037 2911 tecum
1058 2848 1107 2912 lo-

77 2973 171 3034 quar.
203 2950 272 3015 Tu
294 2959 423 3017 interea
443 2975 512 3017 non
536 2949 696 3022 cessabis,
719 2961 753 3012 et
770 2970 807 3012 ea
825 2970 909 3032 quae
931 2946 1035 3015 habes
1057 2954 1107 3013 in·

76 3051 207 3126 stituta,
226 3055 416 3140 perpelieS,
439 3073 569 3137 nosque
591 3051 724 3138 diliges.
764 3049 858 3115 Vale.

456 3309 728 3328 W

76 3503 264 3559 cerretum,
287 3482 564 3568 quumbancepi·
620 3483 774 3562 patientes
821 3495 932 3537 morae
975 3491 1109 3557 propter

73 3572 182 3636 llolam
206 3574 246 3634 ad
267 3572 429 3632 Lucceium
456 3570 565 3631 scribe·
619 3582 749 3627 naturae
778 3577 810 3621 et
833 3566 949 3644 ingenii
970 3562 1109 3622 alacrite·

75 3659 144 3730 bat,
170 3659 309 3718 nonduin
332 3656 500 3735 persecill'e.
621 3667 694 3711 tem.
754 3643 881 3722 Ernesti.

118 3750 148 3801 in
169 3765 202 3799 eo
228 3741 358 3826 genere]
398 3743 503 3823 Vulgo
532 3744 563 3799 in
662 3757 701 3792 ex
725 3730 832 3814 tibris]
854 3733 904 3790 Sic
924 3730 1110 3790 Benedictus

74 3831 127 3887 stoc
146 3849 262 3906 gauere.
307 3831 368 3886 Sed
398 3828 474 3887 illud
497 3825 563 3885 sua·
619 3822 803 3902 etMortyni
833 3818 1111 3897 Lugunaauctori-

73 3922 156 3986 vius,
179 3922 251 3994 quie
276 3911 378 3972 [latim
401 3907 564 3992 praeceffit
619 3920 683 3964 tate
711 3903 803 3962 codd.
831 3901 908 3980 Lipl'.
935 3900 1047 3960 Dresd.
1069 3897 1113 3959 ll.¹

73 4004 152 4058 haec.
619 3991 672 4050 Ill.
691 3988 743 4048 lV.
767 4009 798 4048 er
815 3986 880 4047 Asc.
895 3987 919 4044 Ι.
942 3983 1047 4069 Vulgo
1068 4002 1109 4044 aa·

115 4087 228 4142 alacres
248 4087 347 4142 animo
363 4076 486 4161 suanus]
506 4082 564 4138 im·
619 4077 716 4134 literis
734 4079 835 4136 mitius
853 4087 936 4153 epte.
