2506 4808
179 372 185 382 .
261 310 547 384 elusione
588 313 701 417 xxt.
796 332 799 337 ·
955 330 1004 409 ,ι

87 514 179 574 cius
207 504 232 571 fi
257 504 338 589 quid
361 503 402 568 ad
418 524 473 567 me
494 507 545 567 tui
563 506 694 590 negotii
707 499 868 571 dentlextt
905 503 1047 573 susci-nt

87 610 172 678 Sed
192 631 286 675 nunc
306 611 416 694 magis
438 610 477 670 in
494 601 554 676 Iuo
576 599 625 666 est
642 616 829 692 occupatus
839 625 858 688 ς’
931 628 1007 690 quo,

87 736 162 778 ton
177 709 307 776 desum.

95 861 110 890 ‚
149 813 176 877 fi
202 834 272 879 uno
294 816 330 878 in
352 809 432 874 loco
456 828 493 873 es
516 806 672 879 futurus,
702 808 839 872 crebras
864 812 1051 879 anobiuin

87 915 275 1002 exspecta;
299 910 344 974 ast
365 909 482 998 plures
505 913 606 972 etiam
624 906 692 994 ipse
707 912 847 973 mittito.
889 910 1003 979 Velim

87 1018 252 1090 scnbas,
283 1009 475 1078 cuiusmodi
495 1005 536 1074 fit
559 1009 753 1090 Apamam
784 1019 900 1086 tuum,
921 1035 1002 1098 'quo

347 1208 619 1230 Μ

87 1361 201 1420 tulerit
213 1355 386 1434 stifit'pinm,
396 1356 455 1432 sed
509 1355 554 1414 uit
576 1354 693 1432 gratias
714 1356 814 1434 egi-
854 1348 949 1414 Valde
971 1363 1003 1417 te

87 1450 150 1525 igis
166 1445 262 1519 infun
276 1444 318 1517 est
332 1462 454 1515 occupa·
511 1441 680 1511 uenditnui,
701 1442 721 1502 i.
740 1459 768 1501 e.
793 1459 862 1500 cum
884 1440 1003 1503 summe

110 1553 170 1607 qno
194 1547 249 1607 ego
271 1529 300 1585 ei
325 1547 383 1585 non
404 1529 455 1585 de·
511 1540 565 1584 tun
579 1523 674 1585 leude
687 1538 720 1585 te
733 1528 1001 1589 eicommendnvi.

87 1611 129 1674 Γα
149 1616 182 1691 si
204 1634 260 1672 uno
288 1614 318 1670 in
338 1615 403 1670 loen
425 1621 455 1669 et
511 1609 560 1666 Ad
587 1619 618 1667 te
638 1612 722 1681 ‘ideo
750 1621 840 1669 antea
861 1648 900 1660 -
945 1633 1001 1694 qun

90 1716 156 1762 etc.
202 1699 239 1760 ln
259 1694 371 1779 quibus
393 1702 456 1778 pri·
512 1697 627 1756 darem.
672 1690 791 1754 Cincius
814 1697 938 1774 fi;·quid
961 1698 1002 1755 ad

87 1787 253 1847 ironovins
274 1798 359 1844 recte
379 1802 456 1860 pro·
513 1802 561 1841 me
587 1778 633 1836 tui
656 1801 692 1839 ne
716 1782 772 1838 otii
799 1783 943 1840 detulerit
962 1817 1003 1832 ..

87 1875 253 1942 tutionem,
273 1886 366 1948 quum
374 1863 457 1925 Urfi·
514 1865 622 1940 desum.
698 1887 716 1923 u
742 1868 773 1942 fi
798 1887 854 1924 uno
885 1867 916 1926 in
936 1869 1003 1927 lnce

98 1957 185 2016 libro
214 1951 326 2033 scripto
350 1950 459 2012 lenda·
515 1969 546 2010 es
553 1946 679 2021 futurus
695 1965 755 2011 etc.

87 2064 130 2100 ’nn
150 2043 256 2098 darem
282 2057 343 2116 pro
374 2036 460 2118 vulg.
561 2034 799 2120 12.’Apai8eiov]
813 2033 1005 2100 bibliotheca

87 2131 187 2185 [arem.
250 2121 373 2182 Deinde
406 2121 460 2181 illa
516 2117 558 2181 fic
570 2119 738 2202 appellate,
748 2141 858 2202 ep.19.
871 2121 921 2182 vel
935 2142 1006 2201 tuo·

103 2203 460 2280 vale.tevindicani‚fine
515 2212 706 2283 nimentnm,
740 2210 772 2269 in
800 2225 865 2288 quo
884 2208 1004 2271 Atticne

106 2309 256 2374 corrupta
304 2290 389 2364 sunt,
428 2305 460 2351 et
515 2287 649 2352 versibus
664 2310 731 2364 eon,
751 2295 806 2372 qni
819 2288 943 2354 honore
956 2313 1005 2354 re·

89 2382 165 2443 loco
182 2377 293 2461 potita.
333 2378 460 2437 Grono·
515 2396 652 2458 numque
687 2375 893 2457 amplitudine
923 2393 1006 2439 cete·

87 2467 210 2548 quidem
252 2459 459 2526 emendabat:
516 2464 557 2521 ris
571 2460 664 2521 Rom.
682 2463 761 2541 Pop.
776 2459 1003 2542 praestiterunt,

87 2571 105 2611 'e
140 2550 314 2618 vindicavi,
350 2547 461 2607 scilicet
518 2545 704 2625 exposuerat
724 2550 783 2619 ite,
813 2563 848 2606 nt
872 2546 925 2607 sub
947 2545 1007 2608 fin·

87 2641 265 2717 utinquam
293 2633 462 2692 tibieme
518 2631 665 2714 gulorum
699 2631 883 2714 imaginibus
924 2632 1006 2693 iectu

87 2722 204 2790 itabat,
230 2718 391 2778 dnmrero
408 2731 462 2776 ent
518 2712 775 2798 magistratusque
805 2736 913 2777 eorum
939 2736 1008 2778 non

87 2830 108 2868 tr
130 2805 250 2877 scribo,
271 2803 330 2862 hac
349 2799 463 2885 longis·
519 2800 652 2879 emplius
671 2804 844 2881 quaternis,
866 2804 1007 2882 quinisve

88 2890 210 2974 pistule.
252 2890 293 2948 At
316 2891 398 2948 enim
425 2907 463 2946 ex
518 2883 653 2945 verfibus
682 2882 876 2947 describeret.
909 2887 1008 2948 Corn.

87 3000 115 3039 ic
134 2972 265 3057 epistole
282 2972 392 3032 nullibi
408 2993 464 3049 up·
519 2973 601 3050 Nep.
636 2973 669 3030 in
695 2971 810 3031 Attico.
879 2965 1006 3037 Corrnd.

87 3067 218 3124 Atticum
242 3055 383 3140 questum
402 3053 464 3116 effe
520 3057 584 3115 Has
605 3058 753 3141 imegInes
783 3076 853 3116 cum
872 3053 1006 3120 verfibue

103 3148 297 3209 uCieetone
318 3139 464 3202 intermis·
520 3141 642 3200 videtur
681 3137 815 3221 posuiffe
849 3144 881 3202 iu
904 3141 1018 3204 dinetn.

94 3230 163 3313 Ipie
198 3230 325 3288 demum
365 3225 463 3307 peulo
522 3225 657 3306 quedam
688 3226 809 3306 praedii
837 3227 1007 3308 Epirotici,

95 3322 254 3378 rnritutem
305 3312 464 3372 literarum
523 3331 617 3391 quarn
640 3309 715 3370 dixit
729 3309 941 3386 Amaltheam,
972 3327 1008 3374 ut

101 3401 212 3483 sponte
230 3395 360 3457 excuset.
395 3397 466 3457 Mn·
522 3399 555 3455 in
574 3395 672 3455 domo
688 3395 825 3457 Palatina
841 3396 1009 3480 Syracusae

87 3493 145 3548 tin
168 3483 292 3544 duobus
311 3497 343 3542 et
358 3484 466 3541 Victo·
523 3482 607 3541 Suet.
633 3482 703 3544 Oct.
726 3501 776 3558 72.
818 3482 1009 3560 Hettnnenm

87 3591 186 3632 tuno
211 3567 275 3627 Mt
292 3570 408 3627 invenit
438 3577 467 3623 te
524 3565 617 3627 Clod.
637 3585 684 3628 10.
706 3566 858 3627 dicuntur.
904 3570 1010 3649 Amal,-

87 3658 153 3732 wi,
174 3653 264 3734 quod
284 3649 469 3712 veriffimum
524 3648 596 3711 then
623 3648 750 3733 fingitur
780 3649 868 3712 sniffe
898 3669 1008 3734 capre,

87 3765 117 3804 >r
129 3785 139 3814 ,
174 3737 227 3799 sed
255 3741 299 3798 ite
324 3750 360 3796 ut
381 3733 468 3795 fimnl
526 3739 611 3796 enine
630 3733 712 3796 lecte
726 3734 845 3816 Iupiter
865 3758 945 3817 puer
967 3734 1010 3797 est

89 3824 247 3909 quaedem
260 3837 466 3902 transponent-
524 3825 664 3884 nutritus.
705 3821 745 3881 Et
762 3841 822 3901 per
850 3821 920 3881 illos
940 3819 1011 3880 illue

87 3916 129 3973 iic
143 3912 250 3970 omnin
261 3906 342 3967 bene
356 3926 469 3986 proce·
524 3903 599 3967 stree
625 3908 707 3965 viros
733 3910 865 3966 nutritus
898 3906 1013 3965 educe«

111 3993 244 4053 Antonio
273 4002 323 4048 tuo
353 3995 470 4049 nornine
526 4006 591 4061 tus,
632 3991 768 4052 excultus
798 4006 864 4051 eret
893 3990 1012 4070 Iupiter

87 4084 156 4144 uin
178 4079 301 4155 negotio
320 4085 370 4134 tuo
386 4078 469 4135 adiu·
525 4074 738 4158 Capitolinus,
766 4073 797 4135 h.
820 4093 849 4134 e.
871 4075 1011 4159 Populus
