2580 4792
130 269 198 361 {¹⁶4
407 251 697 344 ERISTOLA
739 250 895 339 χχῌ(

133 440 219 523 lium
233 448 299 525 eit,
315 446 408 514 nulla
424 443 639 538 conquestio,
658 442 786 510 nullus·
796 442 955 520 senatus,
972 443 1070 513 nulla

136 551 213 623 cio?
260 551 376 642 Quare
402 551 583 636 permagni
615 544 762 611 hominis
780 543 866 619 est,
887 618 890 623 ¹
909 557 944 610 et
973 567 1081 629 quum

135 668 259 724 natura
293 647 484 721 moderati,
528 660 603 711 tum
647 668 730 713 vero
762 651 864 710 etium
903 645 1081 725 doctrine,

138 777 204 840 que
220 758 425 842 optimarum
442 753 566 812 artium
587 745 705 812 studiis
725 746 872 819 eruditi,
893 743 936 810 fic
953 745 986 811 le
1004 745 1086 813 adhi

136 862 174 923 iu
194 866 289 919 tanta
308 846 492 941 potestate,
512 859 551 911 ut
574 846 667 912 nulla
687 846 750 911 alia
772 845 920 934 potestus
949 847 990 911 ab
1011 854 1077 927 iis,

137 958 204 1022 bus
234 952 303 1042 ipse
329 946 471 1041 praesit,
504 946 726 1016 desideretur.
790 946 904 1038 Cyrus
931 945 990 1024 ille
1015 947 1087 1015 ax

138 1056 269 1149 phonte
282 1074 361 1119 ‘non
383 1051 426 1115 ad
446 1046 605 1117 historiae
627 1046 731 1114 fidem
751 1045 917 1136 scriptus,
954 1048 1013 1113 led
1034 1048 1083 1113 ad

140 1165 231 1249 giem
253 1155 330 1222 iulti
348 1157 499 1240 imperii:
521 1158 619 1218 cuius
641 1149 769 1215 summa
792 1153 942 1239 gravitas
962 1151 1004 1214 ab
1025 1149 1087 1217 illo

139 1255 277 1346 lolopho
306 1277 385 1320 cum
413 1251 573 1341 singulari
603 1258 763 1319 comitate
798 1257 1041 1340 coniungitur3
1084 1280 1088 1308 ι

140 1359 278 1447 quidem
300 1356 408 1423 libros
428 1378 499 1423 non
522 1353 588 1420 fine
610 1351 706 1419 causa
719 1351 834 1419 noster
852 1350 1088 1419 ille-Africano

140 1464 298 1529 manibus
318 1480 446 1547 ponere
468 1480 540 1522 non
562 1454 706 1536 solebat3
742 1453 873 1519 nullum
896 1454 943 1521 elt
963 1461 1088 1545 enim]

140 1558 328 1629 termilium
348 1566 386 1625 in
406 1565 449 1627 iis
472 1553 624 1623 officium
650 1556 843 1644 diligentie,
864 1570 899 1621 et
919 1550 1088 1637 moderati

141 1667 245 1753 perii3
281 1683 406 1745 eaque,
440 1657 526 1735 filio
553 1656 659 1723 coluit
677 1656 751 1731 ille,
772 1664 841 1741 'qui
860 1663 1012 1746 privatus
1034 1659 1088 1725 fut

140 1784 328 1849 numquam
342 1763 425 1836 fuit,
447 1776 594 1846 quonam
614 1757 718 1823 modo
734 1759 911 1825 retinenda
926 1759 1003 1826 sunt
1022 1765 1084 1837 iio,

141 1869 208 1931 bus
226 1868 413 1955 imperium
434 1867 481 1927 ita
497 1861 616 1935 datum
636 1858 702 1935 est,
724 1872 764 1933 ut
784 1860 992 1937 redderent,
1019 1864 1089 1935 eta‘

141 1966 277 2055 legibus
293 1962 411 2027 datum
433 1960 498 2035 est,
519 1962 561 2025 ad
577 1981 658 2045 quas
673 1961 915 2041 revertendum
931 1957 1001 2027 eit?

112 2098 135 2160 9
230 2063 284 2132 Ac
300 2060 384 2128 mihi
399 2061 537 2147 quidem
550 2062 707 2129 videntur
725 2061 793 2130 hnc
813 2067 926 2130 omnia
945 2059 1011 2127 elle
1025 2062 1089 2129 reft

144 2169 189 2234 da
209 2172 271 2241 iis,
292 2169 349 2251 qui
367 2162 525 2254 praesunt
548 2160 639 2236 ullis,
663 2175 702 2243 ut
720 2170 763 2239 ii,
788 2171 846 2251 qui
869 2176 971 2229 erunt
985 2184 1090 2247 ¹eorm

144 2271 309 2356 imperio,
327 2262 390 2331 lint
412 2286 512 2349 quam
532 2261 721 2329 beatissimi:
751 2267 843 2350 quod
862 2268 926 2331 tibi
945 2278 980 2331 et
1002 2264 1071 2337 elle

146 2366 356 2457 quilfimum,
376 2379 411 2431 et
433 2368 474 2432 ub
493 2370 591 2433 initio
613 2365 725 2442 finite,
745 2378 785 2433 ut
797 2372 946 2457 primum
964 2364 1086 2437 Aliaeu

143 2591 178 2655 td
192 2585 294 2652 nbell‘e
308 2609 375 2653 non
388 2583 511 2670 potest3
533 2605 632 2670 quum
687 2586 756 2651 sunt
789 2588 822 2648 in
866 2585 1044 2669 parenthefi
1081 2586 1091 2651 ἰ

145 2676 260 2738 deinde
308 2687 491 2757 opponatur
550 2672 632 2729 nulia
687 2672 799 2753 ltaque
808 2671 929 2733 videtur
939 2670 1091 2735 delendun

145 2763 258 2822 concio.
688 2774 721 2819 et
743 2758 802 2819 ille.
843 2757 1010 2819 Lambinus
1036 2764 1070 2819 in

188 2848 271 2904 nulla
295 2841 486 2927 conquestio]
506 2839 633 2903 ubine·
689 2847 772 2925 cipio
807 2840 947 2926 legebat:
993 2837 1027 2899 Si
1061 2839 1091 2900 C

144 2953 201 2993 mo
216 2933 305 3013 queri
327 2928 423 2989 nudet
445 2927 632 2989 dedectens
688 2944 723 2989 ut
737 2927 931 2988 haecmolius
939 2925 1091 3009 responde

146 3031 328 3098 epraetore
346 3013 435 3075 dotis.
476 3008 632 3077 Emetitur
691 3008 819 3089 Ernesti.
866 3010 1091 3093 Nonopusess

145 3099 313 3170 Auxilium,
334 3101 451 3179 inquit,
478 3094 522 3156 est
537 3095 633 3157 tribuss
689 3103 816 3180 opinor,
835 3096 1092 3160 ἅνακολουθιανῑοῖ

145 3205 262 3251 norum
296 3181 422 3263 plebio,
465 3181 632 3265 conquestio
690 3180 859 3264 quaesiuit
883 3182 1066 3264 frequenter

147 3270 233 3351 apud
249 3262 634 3350 aliosmogillrotusproee
690 3270 874 3331 Ciceronem
898 3271 1050 3341 occurrit,
1085 3290 1092 3351 1

145 3356 223 3415 toris
240 3351 384 3432 collegas.
427 3352 573 3411 Manutio
588 3366 634 3411 tn·
689 3350 791 3413 sertim
819 3348 889 3431 post
917 3351 1092 3435 longiorem

144 3435 369 3517 menplocebut
381 3437 513 3517 quaestio
522 3434 578 3496 leil.
588 3439 634 3495 ln·
689 3434 859 3508 remhefin,
902 3451 932 3496 et
954 3435 1050 3497 habet
1072 3459 1092 3501 n

144 3524 251 3594 dicum
272 3518 413 3581 adversus
432 3518 634 3604 magistratus.
689 3523 764 3603 quid
781 3536 888 3604 grotoe
902 3520 1092 3605 negligentia

186 3626 277 3684 eaque
300 3606 333 3682 si
359 3604 406 3681 sie
436 3607 528 3663 coluit
561 3604 634 3688 ille]
689 3602 817 3687 epistole
839 3604 1027 3687 praesertim.
1049 3586 1093 3669 Ἐ

144 3689 182 3752 In
203 3689 263 3751 lme
289 3689 427 3749 lectione
457 3693 560 3750 oratio
591 3692 635 3749 el't
687 3695 748 3771 imn
766 3692 909 3753 Munatio
926 3689 1032 3752 visum.

146 3777 346 3844 α’νακολουθσς.
387 3776 468 3834 Nam
485 3773 562 3835 nihil
580 3772 633 3847 est,
730 3786 760 3831 et
776 3775 832 3851 effe
850 3773 1093 3852 antiquiffnnum'

145 3860 233 3940 quod
253 3856 438 3938 respondeat
464 3859 632 3940 superiori:
687 3880 748 3940 pro
785 3861 840 3934 effe
872 3870 901 3916 et
929 3849 1093 3937 antiqniffin

147 3944 242 4022 Cyrus
281 3947 336 4001 illa
362 3979 404 3990 -
435 3945 632 4021 coniungitur.
689 3945 859 4012 edidimuS,
888 3959 923 4003 ut
945 3960 977 4004 et
997 3945 1049 4005 alii
1069 3966 1093 4006 rt

142 4029 226 4092 Nam
251 4044 354 4091 cetera
373 4049 499 4123 qnos-7
514 4031 633 4106 imperii
688 4031 795 4089 tiores.
841 4022 971 4106 Ernesti.
