2506 4808
315 311 594 385 nmstona
636 312 706 384 aa.
736 313 829 383 cu.
1046 324 1089 401 aa

54 503 186 573 summo
201 499 335 579 dolore,
357 523 459 588 quem
477 508 514 568 in
528 508 596 568 tuis
615 504 717 568 rebus
731 507 844 590 capio,
866 503 1013 571 maxime
1029 504 1088 575 scia

54 608 138 675 licet
164 603 356 671 consolatur
378 601 472 691 spes,
500 603 589 687 quod
612 602 708 669 valde
731 602 894 691 suspicor,
922 607 1018 681 fore,
1046 625 1088 675 ut

54 710 262 795 infringatur
279 704 456 771 hominum
478 705 699 792 improbitas,
722 717 756 767 et
778 705 922 772 confitiis
945 721 1087 778 tuorum

55 816 261 883 amicorum,
285 820 319 872 et
340 804 408 893 ipsa
428 806 499 872 die:
519 825 603 888 quae
623 804 778 870 debilitat
797 814 1023 895 cogitationes
1051 825 1087 877 et

54 916 291 981 inimicorum,
312 920 347 970 et
361 906 587 994 proditorum.
630 906 737 971 Facile
762 906 910 974 secundo
930 909 1007 975 loco
1029 936 1090 977 ms

56 1008 252 1077 consolatur
280 1007 475 1073 recordatio
503 1026 658 1073 meorum
687 1021 896 1095 temporum:
940 1032 1092 1094 quorum

53 1115 238 1199 Imaginem
253 1108 351 1175 video
372 1114 408 1173 in
427 1110 528 1173 rebus
547 1113 628 1173 tuis.
670 1107 758 1174 Nam
774 1106 831 1172 etsi
847 1116 974 1174 minore
993 1117 1029 1178 in
1045 1135 1087 1178 ra

56 1211 204 1281 violatur
225 1223 285 1277 tua
305 1209 471 1297 dignitas,
486 1231 591 1293 ⁴quam
612 1230 686 1274 mea
706 1207 791 1274 salus
815 1209 937 1276 afflicta
954 1212 1018 1277 est:
1038 1226 1088 1280 ta*

55 1334 137 1378 men
156 1311 204 1376 est
225 1323 319 1376 tanta
340 1309 538 1386 fimssimdo,
562 1322 600 1377 ut
619 1310 768 1399 sperem,
786 1321 821 1374 te
838 1310 920 1377 mihi
939 1313 1087 1402 ignosce·

56 1436 112 1488 re,
136 1410 159 1476 fi
180 1433 221 1477 ea
239 1435 310 1479 non
331 1417 522 1487 timuerim,
545 1433 628 1498 quae
645 1434 689 1477 ue
710 1424 749 1476 tu
767 1416 903 1494 quidam
924 1433 1089 1498 umquam

55 1513 208 1580 timenda
222 1513 356 1580 duxisti.
381 1500 472 1579 asad
491 1513 621 1600 praesta
642 1524 677 1577 te
702 1534 797 1587 eum,
818 1517 875 1596 qui
896 1513 1019 1581 mihira
1037 1529 1100 1582 te«¹

54 1622 169 1690 neris,
191 1628 230 1680 ut
247 1613 371 1679 Graeci
392 1613 531 1688 dicunt,
553 1612 745 1701 unguiculis
769 1634 806 1677 es
829 1621 1002 1702 cognitus.
1044 1618 1087 1683 11-

55 1716 226 1791 lustrabit,
262 1713 344 1780 mihi
365 1715 484 1789 creda,
516 1727 608 1778 tuam
628 1712 886 1800 amplitudinem
907 1717 1088 1786 hominum

56 1824 189 1886 iniuria.
232 1816 268 1884 A
292 1840 346 1882 me
368 1822 482 1882 omnia
502 1814 631 1879 summa
648 1821 684 1880 in
701 1828 736 1878 te
758 1813 884 1890 studia,
906 1815 1086 1904 officiaque

58 1919 225 2008 exspecta.
269 1918 347 1985 Non
366 1918 478 1985 fallam
493 1922 687 2007 opinionem
710 1928 813 1982 tuam·
858 1918 953 1984 Vale.

160 2112 441 2186 emsaona
469 2112 557 2183 cn.
605 2106 831 2210 (adast.
851 2054 905 2181 1⁸1.
928 2112 984 2200 4.)
1084 2058 1089 2071 ’

208 2263 278 2323 'Sca
290 2259 410 2322 Romae
431 2257 535 2322 manse
547 2260 666 2322 Martio
681 2261 718 2323 A.
734 2259 774 2322 U.
793 2258 830 2321 C.
849 2259 922 2342 697.
1086 2315 1092 2352 ι

61 2396 200 2461 Fratrem
229 2400 267 2455 de
291 2390 394 2454 Sextio
423 2397 554 2474 absoluto
586 2415 612 2458 1.
656 2397 694 2453 de
726 2391 792 2466 filii
833 2395 943 2472 studiis
975 2416 1003 2456 2.
1048 2400 1102 2458 de·

95 2503 168 2578 suae
182 2510 211 2557 et
223 2495 384 2566 fraternae
398 2499 501 2554 domus
522 2493 729 2568 aedificatione
748 2509 780 2572 5.
824 2499 862 2556 de
881 2493 982 2557 Tullia
1002 2495 1085 2576 Crafi

94 2603 195 2681 sipedi
212 2601 415 2676 despondenda
437 2598 593 2689 certiorem
605 2595 688 2670 facit
710 2603 741 2678 4.
1085 2577 1092 2603 '

251 2741 488 2848 mancus
510 2779 554 2872 Q.
588 2775 823 2856 ananau,
856 2778 896 2848 s,

162 2933 302 3002 Sextius
318 2931 433 2999 noster
447 2929 616 2998 absolutus
634 2931 681 2997 est
697 2954 726 2998 a.
739 2932 773 2995 d.
790 2951 823 2995 11
838 2932 884 2998 id.
893 2932 1016 3010 Mart,
1033 2907 1093 3019 at,¹

50 3149 150 3228 salas,
173 3145 262 3226 quod
279 3161 310 3206 et
329 3142 428 3210 sensus
442 3167 546 3226 popu·
599 3148 658 3219 τίη
677 3164 773 3226 quom
786 3141 924 3226 [peraret
938 3145 1090 3214 futuram,

57 3235 102 3292 lat
124 3246 155 3294 et
181 3235 380 3293 concinnitas.
421 3232 490 3291 Fuit
512 3235 545 3292 in
599 3230 633 3290 id
655 3229 745 3310 quod
766 3234 884 3302 evenit,
904 3245 940 3290 nt
961 3233 1099 3296 canithi

55 3319 118 3378 Me.
128 3317 196 3380 Vat.
213 3336 250 3377 ex
265 3314 408 3376 edMed,
419 3321 450 3377 in
459 3314 543 3399 seqq.
601 3316 757 3375 calamitas
767 3319 859 3374 etiem
872 3313 988 3378 honori
1002 3315 1097 3392 asson·

57 3406 150 3464 venit.
192 3401 279 3462 Male
310 3398 418 3482 postea
448 3421 466 3461 a
490 3401 546 3460 vt·
601 3401 690 3482 quod
713 3420 764 3459 me
788 3397 857 3480 sper
883 3419 985 3482 aeque
1005 3421 1091 3467 nune

58 3490 160 3548 ctorio
189 3487 336 3548 deletum.
379 3485 467 3548 Idem
490 3485 545 3546 de·
599 3488 632 3546 in
671 3484 765 3546 rebus
804 3489 864 3546 tuis
899 3485 1098 3552 consolatur.-

58 3573 103 3631 dit
118 3572 176 3646 est,
196 3590 256 3649 pro
270 3572 352 3653 vulg.
372 3570 433 3646 sit,
455 3568 545 3651 quod
600 3573 719 3632 Manat.
860 3612 864 3620 ,
1093 3610 1098 3622 .

55 3653 545 3719 mihividebaturrastituenoum.
643 3651 736 3734 Epist.
759 3653 827 3716 CII.
872 3675 898 3717 1.
921 3655 1090 3739 absolutus]

94 3741 122 3816 [ι’
145 3760 179 3796 ea
198 3760 255 3797 aon
273 3737 445 3823 tirnnerim]
469 3741 546 3800 Pro·
600 3738 719 3799 Iudicio
741 3740 782 3800 de
800 3743 849 3813 vi,
866 3740 1026 3802 eceusante
1039 3743 1090 3804 M.

55 3824 192 3906 mulgata
212 3827 340 3886 Catonia
361 3831 484 3885 ratione
504 3824 546 3884 de
599 3823 706 3896 Tuuio
716 3824 929 3898 Albinovano,
949 3824 1097 3889 defensus·

57 3911 243 3994 abrogando
265 3913 321 3969 tibi
335 3911 463 3970 Ciliciae
488 3913 546 3968 im·
601 3909 641 3969 ab
667 3909 833 3972 ttortenfio
862 3925 894 3970 et
917 3911 1102 3993 Cicerone,

56 4001 149 4077 perio
167 4015 233 4055 non
255 4000 359 4066 timui,
390 4000 464 4076 quia
485 4011 547 4055 nee
601 3997 688 4077 cuiue
702 3993 797 4057 saliat
812 3998 927 4059 oratio.
999 4023 1008 4036 ·

56 4096 109 4157 tu,
129 4099 182 4143 me
202 4084 303 4162 petria
323 4079 413 4162 pulso
434 4084 550 4141 timaee
