2506 4808
164 328 209 398 33
439 310 725 382 sursroun
767 314 923 383 xcru.

166 507 361 590 opinionem
382 519 456 565 rem
472 501 705 576 adduxerunt,
721 513 761 566 ut
773 523 879 588 paene
896 508 926 567 is
948 526 1075 591 cupere
1093 507 1208 573 videa·

165 617 241 669 tur:
275 608 328 668 cui
352 607 410 686 qui
430 601 569 679 nolunt,
602 604 705 669 iidem
729 607 809 679 tibi,
843 604 934 688 quod
956 627 1034 671 eum
1059 609 1206 685 ornasti,

165 726 236 771 non
259 704 334 794 sunt
355 708 465 768 amici.

136 821 157 889 3
176 842 179 847 ·
270 806 344 872 Nos
361 810 396 870 in
413 803 509 870 eausa
526 813 760 871 auctoritatem
777 828 817 872 eo
833 812 1001 871 minorem
1016 806 1206 888 habemus,

167 908 258 992 quod
286 909 349 971 tibi
372 904 549 971 debemus.
595 909 746 974 Gratiam
768 923 880 974 autem
907 911 1056 975 nostram
1081 912 1207 979 exstin-

165 1016 239 1100 guit
260 1007 438 1074 hominum
466 1005 623 1094 sulpiciO,
662 1009 752 1094 quod
773 1008 935 1097 Pompeio
957 1009 989 1075 se
1017 1011 1207 1100 gratificari

164 1124 296 1199 putant.
342 1109 441 1173 Utin
462 1110 565 1172 rebus
585 1109 806 1184 mulmento,
829 1130 926 1195 quam
944 1115 1128 1201 profectus
1149 1137 1206 1189 es,

164 1213 207 1275 ab
232 1209 300 1298 ipso
323 1212 423 1297 rege,
461 1221 495 1273 et
518 1211 559 1272 ab
583 1215 732 1285 intimis,
766 1234 803 1277 ac
828 1205 1021 1279 domesticis
1046 1212 1207 1304 Pompeii

166 1310 254 1376 clam
276 1310 499 1382 exulceratis,
519 1310 643 1376 deinde
662 1311 772 1399 palam
796 1335 815 1376 a
837 1314 1068 1380 consularibus
1089 1323 1207 1408 exagi-

164 1419 261 1486 tatis,
285 1424 319 1476 et
338 1418 374 1477 in
396 1410 557 1478 summam
577 1412 739 1478 invidiam
760 1415 934 1491 adductis,
954 1423 1001 1482 ita
1013 1412 1204 1486 'versamun

155 1509 322 1583 'Nostram
340 1508 458 1587 fidem,
478 1533 618 1593 omnes;
640 1535 791 1581 amorem
811 1521 862 1581 tui
885 1517 1031 1584 absentis
1046 1521 1206 1609 praesen·

163 1628 216 1682 tes
240 1623 292 1682 tui
314 1611 529 1705 cognoscent.
584 1610 624 1679 Si
648 1613 728 1680 esset
751 1621 848 1681 iniis
874 1614 978 1692 fidem,
1014 1625 1204 1706 inquibus

163 1715 291 1783 sunrma
308 1715 371 1785 else
388 1717 553 1792 debebat,
571 1738 642 1780 non
660 1715 906 1783 laboraremus.
951 1720 1047 1784 Vale.

239 1907 516 1986 urtsuom
558 1910 704 1980 xctu.
757 1885 836 1989 ta'a
867 1912 969 1986 niv.
1007 1915 1038 1987 J.
1070 1919 1127 2007 2.)

153 2060 156 2073 ¹
276 2078 341 2142 Ser.
356 2039 479 2139 liomee
494 2095 521 2137 e.
539 2075 569 2140 d.
584 2072 668 2135 XVI.
678 2061 747 2136 Kal.
756 2074 844 2137 Febr.
860 2077 897 2138 Α.
907 2077 944 2137 U.
956 2079 991 2140 C.
1008 2079 1083 2161 697.

164 2226 284 2290 Narrat
300 2233 375 2313 quid
398 2233 429 2288 in
444 2230 529 2304 causa
546 2229 634 2305 regia
654 2227 748 2284 idibus
765 2221 912 2286 Ianuariis
929 2241 1028 2290 netum
1047 2236 1077 2292 in
1090 2238 1206 2310 senatu

149 2348 157 2356 ⁸
195 2334 240 2412 stt
264 2351 290 2392 ι.
335 2353 393 2414 quo
410 2325 584 2406 Pompeius,
605 2348 665 2425 =quo
691 2331 753 2385 et'ur
764 2327 940 2398 familiares
964 2335 1062 2391 animo
1081 2338 1150 2411 sint
1173 2360 1205 2400 η,

204 2435 275 2514 quid
292 2456 311 2492 a
326 2434 430 2510 senatu
451 2433 621 2511 populoque
634 2431 815 2505 sperandum
823 2432 884 2509 sit,
897 2432 1068 2511 siguificat,
1085 2441 1206 2520 suaque

150 2512 156 2612 .'
201 2540 233 2596 u
249 2558 284 2598 ea
298 2557 331 2594 n
340 2534 443 2611 stuata
458 2544 487 2590 et
507 2527 609 2603 officia
622 2528 791 2607 pollicetur.
812 2547 845 2607 3.

148 2687 1199 2791 'unumunurnsunnuuuuuouuocos

147 2850 150 2857 Ι
260 2865 377 2931 Idibus
400 2866 562 2931 Ianuariis
591 2872 627 2931 in
651 2866 766 2932 senatu
793 2865 876 2933 nihil
906 2866 952 2931 est
977 2869 1202 2950 confectum,

156 2980 340 3058 propterea
363 2965 453 3049 qnod
476 2967 548 3030 dies
571 2990 693 3056 magna
717 2989 760 3033 ex
784 2981 878 3053 parte
905 2970 1128 3059 consumptus
1150 2977 1202 3045 eit

157 3069 376 3134 altercatione
387 3067 525 3133 Lentuli
540 3069 703 3143 consutis,
725 3081 759 3132 et
776 3069 910 3134 Caninii
924 3072 1054 3138 tribuni
1068 3074 1199 3160 plebis.

198 3328 275 3403 quod
297 3347 362 3385 eum
383 3325 515 3410 ornasti]
550 3346 646 3406 quum
744 3323 838 3405 Epist.
859 3327 972 3388 XCIII.
1017 3349 1043 3387 1·
1065 3334 1200 3395 alterea-

155 3408 645 3472 edeumconlullrumenturiem
703 3410 808 3492 tione]
837 3410 878 3475 de
908 3431 983 3493 rego
1004 3413 1199 3484 Ptolemaeo

154 3501 348 3556 curationem
366 3495 497 3557 detulisti
523 3492 643 3556 Manut.
701 3495 901 3565 reducendo;
923 3515 1018 3576 quum
1043 3500 1200 3569 Caninius

195 3594 226 3653 3.
242 3585 405 3658 praesentes
417 3581 475 3664 tut]
489 3581 553 3639 lam
567 3579 643 3639 olim
701 3581 855 3659 Pompeio
871 3600 934 3638 rern
952 3580 1066 3647 deferri
1082 3588 1199 3669 vellen

152 3663 289 3734 luerunt,
307 3665 417 3748 qui-stc
434 3665 590 3746 legerent,
611 3680 644 3724 et
700 3665 805 3725 consul
821 3664 968 3726 Lentulus
988 3665 1199 3745 Marcellinus

151 3765 254 3828 nuper
268 3748 560 3836 Marryni-‘Lngune
581 3746 642 3810 hoc
697 3770 803 3832 regern
827 3769 932 3828 neque
961 3770 1030 3811 cum
1053 3765 1199 3823 exercitu

138 3832 260 3895 redidit.
323 3838 391 3895 Nec
419 3833 529 3891 dubito
565 3838 641 3912 quin
698 3835 823 3903 reduci,
852 3851 957 3912 neque
982 3833 1021 3892 ab
1049 3841 1104 3910 iis,
1139 3851 1198 3924 qui

151 3922 368 3980 rectefrctum
384 3914 428 3975 su.
471 3915 639 3999 Vulgarum
698 3941 768 3979 cum
804 3921 936 3994 imperio
971 3916 1075 3982 ellent.
1146 3931 1198 3994 Itu

152 4007 233 4062 enim
249 4003 466 4080 praesentisque
487 4004 532 4059 tui
556 4021 640 4065 com·
697 4006 884 4082 Pompeium
911 4002 1113 4080 excludebat,
1140 4023 1198 4094 qui

150 4089 284 4150 modum
298 4086 416 4149 sensum
433 4091 479 4150 vix
496 4088 640 4152 admittit.
698 4107 771 4151 cum
784 4090 918 4168 imperio
935 4103 1010 4148 eret.
1045 4087 1177 4183 Manat,
