2506 4808
166 315 215 385 06
478 303 756 375 EPISTOLA
797 308 887 377 XC.

172 511 231 564 tus
248 495 405 570 sentiret,
424 493 456 560 se
476 495 668 584 intelligere
685 495 782 561 dixit.
824 496 864 560 In
887 495 945 562 illo
961 502 1079 586 coepit
1093 498 1209 566 dimit·

172 615 260 667 tere.
304 597 398 665 Tum
421 599 663 670 Marcellinus,
686 596 784 670 Noli,
808 602 937 680 inquit,
965 619 1008 662 ex
1030 606 1209 666 taciturni·

174 715 245 768 tate
266 699 394 774 nostra,
417 700 527 787 Lupe,
550 699 630 783 quid
654 711 709 762 aut
730 701 912 785 probemus
941 697 1010 766 hoc
1031 712 1208 789 tempore,

175 817 233 870 aut
247 804 500 889 improbemus,
519 803 679 866 iudicare.
723 800 813 888 Ego,
835 804 927 884 quod
942 802 982 866 ad
998 823 1054 866 me
1073 807 1209 889 attinet,

174 908 334 989 idemque
357 907 506 968 arbitror
529 915 688 976 ceteros,
720 903 849 968 idcirco
872 916 986 977 taceo,
1019 903 1112 986 quod
1138 925 1209 969 non

175 1008 348 1079 existimo,
373 1027 474 1088 quum
490 1001 669 1089 Pompeius
685 1000 783 1077 absit,
807 1003 935 1068 causam
954 1011 1025 1093 agri
1040 1005 1210 1093 Campani

175 1116 229 1200 agi
251 1113 445 1174 convenire.
490 1101 585 1168 Tum
605 1104 662 1169 ille
686 1104 717 1171 se
744 1105 892 1170 senatum
906 1112 1041 1194 negavit
1054 1121 1200 1174 tenere..

147 1241 167 1282 2
282 1207 432 1274 Racilius
458 1203 619 1278 surrexit,
654 1207 752 1271 etde
773 1208 906 1272 iudiciis
929 1209 1057 1273 referre
1080 1215 1208 1298 coepit.

175 1310 413 1380 Marcellinum
428 1307 563 1390 quidem
578 1313 726 1394 primurn
744 1314 885 1393 rogavit.
928 1310 961 1373 Is
975 1331 1081 1394 quum
1098 1319 1210 1402 gravi·

176 1428 232 1480 ter
253 1413 297 1476 de
313 1410 486 1478 Clodianis
509 1408 693 1483 incendiis,
713 1411 1016 1485 trucidationibus,
1035 1411 1210 1501 lapidatio

175 1517 279 1582 nibus
303 1511 438 1596 questus
463 1508 559 1574 esset:
583 1507 779 1574 sententiam
803 1513 907 1585 dixit,
929 1526 966 1578 ut
984 1512 1051 1600 ipse
1072 1515 1207 1580 iudices

175 1638 239 1706 per
258 1626 450 1702 praetorem
475 1614 642 1676 urbanum
663 1611 855 1696 sortiretur3
886 1614 1038 1679 iudicum
1060 1614 1209 1680 sortitio·

175 1719 342 1789 nefasta,
364 1719 499 1779 comitia
515 1710 737 1776 haberentur:
760 1720 816 1796 qui
832 1715 954 1780 iudicia
968 1716 1209 1803 impedivisset,

178 1831 394 1886 cumcontra
418 1835 491 1878 rem
511 1813 681 1903 publicam
701 1812 764 1878 esse
785 1815 963 1880 facturum.
1006 1813 1210 1904 Approbata

176 1908 484 1993 ¹ralde'sententia,
525 1916 565 1983 C.
588 1915 674 1982 Cato
705 1915 952 1997 contradixit,
998 1929 1032 1981 et
1057 1916 1207 1996 Cassius,

555 2140 825 2158 m

170 2358 179 2367 ,
221 2317 252 2374 5,
271 2313 345 2460 mod]
367 2313 438 2371 Hoc
462 2307 547 2368 dicto
567 2305 665 2367 voluit
764 2307 800 2362 de
830 2305 969 2388 iudiciis]
997 2303 1149 2372 habendis
1177 2316 1210 2374 iu

176 2402 283 2484 Lupus
343 2403 475 2457 imiuere
518 2391 664 2452 senatum.
722 2407 797 2459 eor,
821 2410 955 2468 quorum
978 2399 1105 2454 nomina
1123 2396 1211 2458 dela·

177 2487 229 2548 Sic
251 2489 364 2566 corrigi
389 2480 487 2540 voluit
507 2478 665 2537 Manutius
721 2490 752 2533 tu
785 2471 896 2548 essent,
937 2480 1075 2556 inprimit
1105 2479 1142 2541 sc.
1178 2489 1211 2543 in

178 2573 335 2657 vulgatum
351 2564 432 2624 Milo
440 2584 453 2634 ;
472 2566 546 2645 quia
560 2559 601 2621 sic
614 2561 664 2620 Al·
689 2605 692 2610 »
722 2559 880 2637 Clodium,
903 2563 1210 2641 quiderireuserut‚

59 2696 63 2701 ·
109 2657 113 2669 '
176 2656 338 2718 lemannus
362 2656 393 2711 in
408 2647 463 2710 Ml.
487 2668 550 2730 reg.
575 2665 665 2726 repe·
722 2661 803 2726 quoe
826 2662 844 2703 a
870 2646 961 2708 tribb.
985 2646 1028 2727 pl.
1055 2652 1211 2731 impedie-

176 2747 227 2815 rit,
243 2759 312 2802 eum
329 2733 396 2816 ipso
410 2736 524 2812 recepi.
540 2727 663 2806 Ernesti.
721 2729 846 2790 bantur.¹
866 2729 870 2767 ἵ
888 2725 1013 2806 Ernesti.

212 2831 247 2905 se
256 2828 392 2902 senarum
409 2819 531 2896 negauit
544 2815 664 2899 tenere]
764 2826 796 2873 ut
810 2816 868 2888 ipse
886 2814 1019 2899 iudaeos]
1041 2816 1100 2893 ipse
1121 2821 1214 2882 intel.

177 2910 269 2981 dixit,
303 2905 392 2989 quod
415 2904 454 2964 ud
478 2901 574 2983 ipsum
597 2906 663 2961 atti·
720 2899 862 2982 ligendur
882 2901 1028 2976 Clodius;
1049 2923 1104 2975 per
1123 2926 1214 2978 prae.

176 3009 276 3067 neret,
297 2992 392 3051 licere
400 2987 596 3048 senatoribur
612 2987 664 3046 ab·
720 2996 817 3041 torem
845 2989 905 3044 urb.
934 2990 987 3065 qui
1012 3000 1044 3046 et
1068 2991 1215 3054 decurias

175 3086 239 3156 ire·,
263 3098 359 3161 quum
375 3074 432 3135 illis
449 3072 547 3135 verbis
564 3086 665 3131 uteru-
720 3070 864 3129 iudicum¹
892 3069 1051 3130 scribebat.
1098 3075 1215 3138 Manu.

177 3182 239 3241 tur,
249 3155 667 3245 quaemrgisltatuumerunt
721 3159 781 3213 tius
797 3170 899 3214 eutem
915 3171 945 3214 et
959 3156 1125 3218 Lambinus
1144 3181 1214 3221 ma.

177 3249 345 3336 peculiaria
368 3253 401 3307 in
415 3241 600 3305 dimittendo
622 3237 666 3300 se·
721 3238 828 3300 lebant
849 3239 924 3322 legi,
960 3251 992 3296 ut
1015 3241 1074 3314 ipse
1098 3244 1214 3312 iudices

160 3323 269 3399 ¹sunu:
293 3331 396 3390 Patras
413 3329 570 3407 conscripti
581 3345 665 3384 nemo
721 3337 845 3399 praetor
878 3329 1001 3381 urbanus
1022 3328 1212 3402 sortiretur-5

177 3442 230 3482 vos
246 3430 333 3478 tenet.
376 3412 497 3474 Manui.
721 3415 752 3470 in
778 3429 840 3490 qua
861 3408 996 3469 lectione
1024 3412 1083 3485 ipse
1106 3413 1213 3498 friget,

222 3527 249 3568 ι.
278 3501 408 3562 Racilius
436 3493 595 3578 surrexit]
630 3492 665 3552 L.
723 3491 1022 3554 AlemununseMss.
1038 3501 1130 3578 regiis
1146 3503 1216 3562 edi.

177 3590 335 3660 Racilius,
378 3587 517 3648 tribunus
547 3577 665 3660 plebis,
722 3579 779 3650 dit,
801 3594 835 3638 nt
849 3577 904 3658 ipsi
919 3580 1034 3638 iudices
1049 3601 1106 3658 per
1118 3605 1213 3662 prae.

178 3675 228 3738 hic
257 3673 393 3736 senatum
403 3715 412 3745 ‚
444 3673 536 3749 Lupo
564 3663 665 3722 dimit·
722 3679 822 3724 torem
839 3663 991 3723 urbanum
1014 3665 1212 3743 sortirentur,

167 3775 279 3834 tento,
309 3762 451 3827 retinuit,
481 3770 541 3834 pro
573 3762 665 3826 pote·
721 3753 741 3810 i.
767 3768 792 3808 e.
820 3746 983 3829 praesente
1010 3769 1047 3807 ac
1075 3748 1214 3815 sortitio·

71 3903 73 3908 ,
176 3843 253 3909 state
283 3843 462 3911 tribunicia,
508 3849 538 3894 et
569 3853 665 3914 quum
721 3853 793 3894 nem
808 3848 935 3916 regente
955 3850 1102 3914 praetore
1116 3839 1214 3900 urba.

178 3948 268 3992 antea
293 3928 432 3995 sederet,
476 3920 600 3980 surrexit
625 3919 665 3980 de
721 3937 776 3978 no.
820 3919 901 3978 Sene
924 3919 1039 3977 iudices
1064 3922 1213 3986 dicuntur

177 4018 296 4077 iudiciis
322 4012 361 4070 ad
383 4012 529 4068 Senatum
551 4002 666 4064 relatu·
721 4002 832 4064 sortiri.
874 4003 936 4062 Sed
958 4000 1104 4063 sententie
1127 4029 1213 4069 com.

177 4124 239 4166 rur.
285 4093 405 4156 Manui.
721 4087 818 4149 moda
836 4106 902 4148 non
922 4084 974 4154 est.
1019 4083 1147 4167 Ernesti.
