2506 4808
286 272 572 385 musr'on'n
606 314 876 387 cnxxvur.
1033 334 1097 403 sn

90 592 366 670 eersronn
401 590 662 669 cuxxvrn.
705 590 784 683 (ad
806 592 910 670 niv.
935 594 983 669 n,
1012 567 1093 688 eo:

340 794 403 857 scr.
422 762 545 855 uem..
564 793 603 855 n.
626 790 666 853 u
690 792 725 855 c.
750 811 824 876 700.

67 987 132 1059 Cn.
146 980 300 1051 Domitio
310 982 453 1050 Calvino
467 978 516 1048 M.
523 980 658 1048 Valerio
667 980 803 1050 Messala
818 979 913 1071 (post
927 978 985 1048 lex
999 1004 1094 1053 men·

335 1081 417 1152 fium
445 1089 705 1175 interregnum)
731 1076 819 1151 Cois.

68 1271 199 1335 Curioni
213 1296 252 1334 ex
271 1271 340 1351 Asta
356 1276 529 1335 adventanti
543 1270 670 1334 Milonis
686 1274 818 1351 causam,
840 1272 1018 1350 consulatum
1038 1286 1089 1351 pi.

110 1380 209 1454 tentis,
226 1377 448 1457 diligentz'ffime
462 1379 656 1440 commendet.

101 1627 159 1695 ru.
178 1625 232 1692 r.
255 1593 459 1693 cronno
493 1625 540 1694 o.
574 1622 829 1698 coruom,
855 1621 900 1690 s.
924 1621 967 1688 o.
989 1622 1043 1691 n.

164 1782 326 1847 Nondum
348 1795 422 1846 erat
443 1782 611 1858 auditum,
632 1797 668 1849 te
688 1785 728 1848 ad
744 1784 873 1851 ltaliam
888 1783 1087 1862 adventare,

60 1907 165 1970 quum
188 1882 388 1968 Servilium,
419 1883 560 1951 Milonis
583 1891 651 1951 mei
678 1885 894 1958 familiarem,
929 1908 1004 1951 cum
1030 1888 1085 1957 his

61 1988 103 2052 ad
125 2003 159 2052 te
180 1985 289 2052 literis
317 1982 397 2050 misr.
460 1981 533 2051 Sed
557 1996 670 2051 tamen
694 2007 796 2069 quum
821 1994 1086 2074 appropinquare

59 2103 139 2153 tuus
162 2086 325 2151 adventus
350 2095 545 2172 putaretur,
580 2097 615 2152 et
638 2090 757 2153 teiam
781 2107 824 2150 ex
844 2085 920 2154 Ata
942 2087 1087 2157 Romam
1134 2151 1137 2155 ,

58 2186 171 2255 verius
192 2186 383 2274 proiectum
407 2184 469 2250 eise
492 2184 676 2260 constaret,
697 2188 895 2275 magnitudo
918 2195 967 2253 rei
988 2190 1086 2268 iecit,

57 2302 97 2354 ut
119 2309 189 2351 non
210 2308 421 2359 vereremur,
442 2308 485 2350 ne
508 2291 609 2351 nimis
632 2292 701 2353 cito
726 2294 959 2364 mitteremus,
983 2312 1085 2374 quum

56 2387 118 2454 has
147 2409 246 2472 quam
273 2394 418 2475 primum
443 2387 483 2451 ad
515 2399 550 2451 te
573 2386 717 2474 perferri
741 2386 858 2463 literas
881 2412 1085 2480 magnopere

55 2492 231 2558 vellemus.
273 2490 345 2577 Ego
360 2486 381 2553 fi
397 2509 469 2552 mea
482 2491 517 2551 in
532 2499 567 2554 te
586 2485 689 2552 essent
705 2485 815 2556 officia
830 2488 945 2566 solum,
968 2493 1085 2570 Curio,
1203 2528 1206 2533 ·

53 2604 165 2666 tanta,
187 2604 310 2674 quanta
333 2595 438 2678 magis
465 2610 483 2652 a
503 2601 538 2652 te
563 2587 632 2674 ipio
648 2589 855 2674 praedicari,
878 2613 976 2675 quam
997 2615 1083 2660 ame

53 2693 235 2784 ponderari
251 2690 374 2759 solent:
396 2688 619 2756 verecundius
636 2709 655 2751 a
677 2700 729 2764 te,
755 2688 875 2775 fiquoe
890 2683 1082 2781 magnares

54 2792 140 2862 mihi
162 2794 309 2882 petenda
335 2791 432 2866 esset,
470 2789 725 2855 contenderem.
780 2789 891 2858 Grave
915 2795 962 2862 eit
993 2803 1083 2861 enim

54 2897 186 2964 homini
208 2897 366 2984 pudenti,
402 2905 516 2981 petere
540 2890 665 2975 aliquid
691 2913 848 2978 magnum
879 2896 1002 2973 abeo,
1041 2898 1082 2964 de

56 3021 123 3082 quo
139 2994 170 3061 le
185 2999 271 3062 bene
287 3002 445 3061 meritum
461 3004 576 3082 putet;
598 2991 708 3066 aeid,
732 2993 822 3075 quod
842 3009 954 3080 petat,
977 3003 1084 3083 exige·
1148 3042 1153 3049 -

10 3140 13 3183 Ι
53 3119 92 3164 re
107 3102 232 3184 magis,
254 3119 352 3179 quam
377 3117 517 3183 rogare,
539 3105 572 3157 et
591 3097 627 3158 in
642 3097 808 3182 mercedis
826 3102 957 3182 potius,
982 3122 1081 3184 qnam

53 3195 210 3266 beneficii
222 3195 299 3263 loco
315 3217 492 3260 numerare
508 3194 671 3260 videatur.
716 3191 789 3264 Sed-
804 3202 879 3279 quia
895 3206 1082 3280 turinum,

10 3290 15 3355 Ι
52 3299 107 3370 vel
129 3309 210 3364 nota
232 3301 411 3370 omnibus,
440 3294 493 3363 vel
514 3293 583 3382 ipsa
602 3299 751 3361 novitate
772 3308 965 3383 temporum
992 3323 1082 3369 meo·

10 3388 17 3443 l
52 3421 131 3469 rum
147 3397 321 3465 clarissima
343 3409 377 3462 et
391 3401 536 3463 maxima
550 3391 713 3461 beneficia
732 3395 948 3483 exstiterunt3
969 3401 1081 3487 estque

10 3472 17 3531 l
53 3505 157 3569 animi
178 3504 336 3592 ingenui,
357 3503 412 3566 cui
432 3496 577 3567 multum
598 3495 741 3574 debeas,
765 3496 875 3566 eidem
895 3500 1081 3590 plurimum

433 3702 701 3722 m

96 3838 188 3923 Epist.
203 3835 398 3904 CLXXVIII.
443 3831 539 3897 Servs:
593 3893 597 3901 ,
639 3831 846 3919 mitteremus]
867 3833 918 3897 sic·
939 3832 996 3896 Mt.
1020 3835 1080 3898 Gu.

53 3925 149 4009 lium]
178 3926 228 3984 Sic
251 3926 339 3984 multi
360 3921 456 3984 codd.
479 3923 541 3982 Alii
597 3937 629 3983 et
651 3919 755 3983 nostor
777 3936 808 3979 et
829 3919 901 3980 edd.
919 3939 966 3998 pr.
993 3919 1082 4001 quod

56 4010 124 4081 Sea.
147 4006 277 4068 Villium.
291 4008 541 4089 ntanym-Lagu-
596 4021 628 4066 et
657 4007 806 4069 Graeviue
832 4001 979 4075 restituit,
1020 4025 1081 4085 pro

50 4117 93 4166 ne
114 4095 200 4156 dedit
216 4089 337 4153 Sextum
354 4088 544 4177 Servilium..
595 4089 678 4175 yulg.
701 4095 865 4151 mitterem..
898 4083 1026 4163 Ernesti.

97 4213 153 4268 eto.
171 4213 245 4281 Epp-
268 4211 343 4268 Tem.
361 4207 402 4263 ii.
948 4184 977 4253 Ζ
