2506 4808
233 333 520 409 EPISTOLA
570 335 762 408 LXXVI.

947 322 1016 427 au

86 583 87 589 ,
109 549 189 596 mea
202 526 281 602 lux,
301 549 416 594 meum
431 523 650 602 desiderium,
669 527 759 593 unde
773 549 892 595 omnes
909 552 1012 619 opem

86 657 99 700 e
121 624 292 699 solebant!
325 642 360 692 te
376 650 483 702 nunc,
512 649 588 692 mea
604 626 785 703 Terentia,
812 627 854 694 lic
880 642 1014 714 vexari,

86 754 163 800 :ere
182 738 219 798 in
241 731 413 802 lacrimiS,
454 742 488 793 et
512 725 684 794 sordibus!
717 730 818 813 idque
842 728 915 797 lieri
939 758 1013 802 mea

90 881 102 912 ‚
125 840 184 920 qui
200 846 334 898 ceteros
359 830 500 905 servavi,
521 844 559 896 ut
582 820 644 897 n'os
665 827 869 919 periremus!
911 832 1014 925 Quod

90 934 302 1008 molentis,
323 931 468 1005 horest,
490 931 532 995 de
554 953 651 996 area:
678 953 741 1018 ego
762 952 843 996 vero
865 944 937 998 tum
960 937 1017 1000 de·

103 1035 187 1102 mihi
200 1035 343 1102 videbor
358 1031 549 1107 restitutuS,
571 1030 591 1094 st
607 1032 663 1096 illa
678 1034 777 1096 nobis
800 1038 865 1098 erit
886 1034 1018 1102 restitu-

86 1139 212 1205 Verum
227 1136 309 1202 haec
324 1157 395 1200 nou
412 1131 484 1198 sunt
499 1139 535 1197 in
550 1133 662 1197 nostra
679 1153 791 1197 manu.
847 1131 937 1199 lllud
959 1137 1018 1203 do·

95 1262 180 1326 quae
201 1234 527 1326 impensa'sueienda
554 1231 618 1308 est,
655 1239 690 1298 in
714 1240 786 1299 eius
808 1246 956 1321 partem,
980 1252 1017 1305 te

88 1364 161 1416 am,
187 1353 221 1404 et
240 1335 457 1426 despoliatam
479 1340 607 1402 venire.
665 1333 766 1424 Quod
790 1331 810 1396 fi
836 1335 1018 1406 conficitur

86 1448 184 1516 ium,
211 1445 325 1506 omnia
348 1439 599 1522 consequemur.
651 1433 714 1501 Sin
738 1426 854 1501 {adem
869 1457 933 1506 nos
950 1442 1018 1510 sor·
1081 1459 1094 1471 ·

86 1555 238 1635 premet,
261 1547 406 1608 etiamne
421 1538 579 1623 reliquias
595 1549 670 1601 tuas
693 1536 813 1602 misera
832 1540 1018 1628 proiicies?

371 1754 643 1774 m

87 1929 113 1968 es
138 1918 168 1968 et
190 1929 209 1966 a
231 1909 335 1965 tabula
359 1899 481 1965 Valeria
534 1897 721 1962 stituendum
738 1902 922 1967 Ciceronem
940 1907 1023 1970 redi·

87 2016 126 2053 ue
155 1996 200 2052 tui
225 1993 306 2050 mitti
338 1993 478 2052 iuberent.
535 1985 708 2050 mebantur.

87 2091 114 2140 tt.
155 2078 288 2137 Videtur
305 2079 410 2156 potius
433 2090 479 2140 tu·

87 2162 213 2225 Valeria
235 2161 282 2220 vel
306 2165 479 2244 argentaria

87 2268 116 2322 a,
145 2247 194 2306 vel
215 2249 407 2307 auctionaria
430 2247 479 2322 (ut

88 2352 219 2393 mannus
266 2330 397 2410 putabat
439 2330 507 2398 ad·

87 2432 156 2479 irat.
171 2437 230 2497 pro
250 2417 396 2493 Caecina)
409 2411 483 2476 suis-

88 2504 107 2563 d
122 2523 216 2584 quem
230 2501 273 2560 illi
285 2500 400 2560 tribuni
415 2499 482 2578 ple·

90 2607 226 2669 quorum
245 2600 323 2645 oret.
350 2589 382 2644 in
396 2585 483 2642 Vati·

99 2676 217 2731 meutio
240 2668 289 2740 lit,
318 2689 384 2729 non
406 2667 484 2728 sole·

91 2777 199 2826 more,
228 2752 281 2814 sed
311 2770 374 2813 tum
401 2755 484 2813 sorte

87 2846 119 2900 tii
142 2840 269 2902 alicuius
293 2837 380 2898 causa
410 2858 485 2898 cou-

87 2923 158 2986 sent.
202 2923 240 2983 Et
262 2925 352 3004 quod
365 2924 484 2982 Teren·

87 3010 100 3071 1
113 3008 193 3070 hanc
208 3007 344 3067 tabulam
359 3027 484 3087 rapere·

90 3097 212 3155 videtur
229 3113 270 3153 eo
291 3089 418 3152 confilio
440 3091 486 3151 sa·

113 3174 192 3250 elle,
234 3193 269 3236 ut
292 3178 332 3238 de
354 3182 486 3256 pecunia

88 3266 194 3324 nanda
240 3282 298 3342 per
344 3277 486 3344 argenta·

100 3363 248 3418 caveret„

88 3455 132 3490 em
140 3445 241 3509 petere
242 3427 390 3511 solebant]
404 3448 487 3488 nern-

88 3541 117 3578 er
137 3539 206 3578 eam
224 3517 406 3575 Ciceronem
434 3511 489 3571 sibi

88 3597 277 3682 iliaripulse
313 3597 488 3679 sperabant.

88 3690 134 3762 pt.
418 3727 420 3730 .

90 3775 151 3832 eius
165 3763 304 3848 partem]
327 3783 442 3843 nempe
456 3777 491 3824 ut

88 3858 200 3937 ropriis
220 3851 310 3912 bonis
332 3850 490 3927 depende·

88 3936 225 4020 Impense
243 3952 357 4004 eutem,
374 3935 490 4014 deque

88 4031 196 4112 igitur,
220 4022 343 4081 videtur
359 4024 491 4098 pecunia

88 4137 110 4192 i,
132 4128 197 4193 que
215 4103 359 4188 suffragia
384 4105 425 4164 ad
444 4120 492 4166 re·

580 2071 670 2152 Quod
691 2073 723 2149 fi
755 2072 1023 2155 conficitur-'nego-

535 2155 633 2239 tium]
675 2156 735 2216 scil.
751 2161 790 2217 de
805 2181 855 2220 me
873 2181 1026 2224 revocan-

536 2241 590 2300 do.
619 2240 656 2299 ld
673 2241 853 2325 intelligitur
868 2266 904 2303 ex
920 2269 1024 2328 oppo-

537 2323 664 2384 sitione:
680 2327 730 2401 sin
745 2331 847 2384 eadem
861 2349 912 2386 nos
919 2330 1025 2401 fortu-

538 2423 608 2467 tuna
623 2407 695 2491 (scil.
709 2415 740 2470 in
749 2432 810 2490 qua
819 2413 1024 2495 nuncsumur)

538 2505 670 2572 premet,
694 2509 729 2554 ut
751 2494 872 2576 semper
898 2496 1026 2563 exsulari

540 2599 699 2662 cogamur.

584 2667 722 2740 reliquias
731 2664 812 2748 tuas]
833 2687 914 2746 qnae
923 2688 958 2728 ex
969 2668 1027 2730 do·

542 2764 573 2809 te
583 2750 749 2809 Terentiae
764 2768 795 2809 et
809 2757 944 2833 propriis
962 2761 1027 2817 einr

540 2834 632 2894 bonis
650 2831 839 2912 supererant.

583 2917 719 3000 misera]
771 2922 822 2979 Sic
858 2919 1028 3005 legendum

540 3023 607 3062 non
617 3005 737 3078 miseras
747 3020 781 3064 ut
789 3006 861 3068 edd.
876 3028 922 3087 pr.
932 3028 1029 3090 quae·

543 3088 616 3148 dam
644 3086 760 3149 hebent
781 3105 814 3150 et
844 3089 913 3151 Mis.
944 3095 1030 3155 uude

544 3171 730 3233 Gebhardus
747 3179 874 3254 recepit.
916 3177 1031 3240 Larini·

544 3273 590 3317 tas
604 3278 671 3317 non
685 3264 810 3338 patitur.
854 3255 1031 3336 Miserahe·

545 3342 599 3401 bet
615 3344 662 3403 'et
688 3343 821 3405 Mediol.
877 3343 1032 3429 Reliquias

546 3441 639 3486 vocat
673 3449 775 3485 aream
803 3428 887 3489 illam
918 3432 1031 3495 domus

546 3511 628 3581 suae,
649 3531 731 3592 quae
744 3515 911 3575 Terentiae
926 3537 943 3576 e
958 3524 1034 3578 n'au·

546 3597 653 3679 sregiis
691 3599 848 3657 bonorum
888 3599 1032 3665 reslabat.

549 3676 676 3756 Ernesti.
730 3683 822 3742 Aliud
844 3685 957 3767 agebat
979 3689 1057 3748 Erv

546 3763 678 3837 nellius,
709 3785 806 3845 quum
830 3765 879 3828 liic
899 3772 940 3830 de
961 3792 1034 3832 area

548 3851 659 3910 domus
683 3850 905 3914 Ciceronianae
924 3859 955 3914 in
977 3857 1035 3917 Pa-

547 3933 623 3996 latio
641 3936 810 4016 cogitabat.
853 3940 934 3997 Nam
957 3933 1051 4001 haec¹

549 4039 620 4081 area
634 4039 651 4079 a
666 4018 781 4080 Clodio
797 4036 863 4080 erat
878 4021 1036 4102 consecre-

546 4118 598 4179 te,
632 4123 691 4165 nec
718 4124 788 4164 earn
818 4105 953 4166 vendere
974 4108 1038 4170 Te·

855 4200 932 4266 Xe
