2506 4808
239 341 523 412 smsronn
570 343 800 410 Lxxvru.
970 308 1040 428 ἑῇς

87 526 220 614 Ii-q'uid
247 535 332 603 erit,
373 530 464 613 quod
485 515 683 621 perspicias,
723 512 970 615 quamcumque
998 514 1035 597 in

87 656 159 707 ern,
198 653 297 717 quam
319 629 503 718 planissime
524 632 566 695 ad
586 654 640 696 me
661 629 805 696 scribas:
831 648 866 695 et
885 653 961 696 meo
977 655 1035 697 no-

87 760 117 810 t,
148 746 189 800 nt
202 732 336 805 scribis,
356 731 488 806 literas,
510 726 631 817 quibus
646 734 780 822 putabis
798 753 883 821 opus
901 730 976 807 esse,
994 748 1034 801 ut

126 836 208 902 Dat.
223 852 248 902 v
262 833 329 899 kal.
345 833 511 898 Novemb.

87 1031 337 1111 rrsroun
372 1021 608 1106 sxxvrrr.
657 1021 771 1120 (dtr.
795 1039 874 1110 111.
902 1032 984 1130 22.)

87 1205 199 1284 partim
214 1198 460 1274 Thessalonicae,
475 1203 589 1282 partlm
606 1196 790 1283 Dyrrhachii
805 1202 858 1265 vl.
872 1203 942 1265 Kn.
956 1204 1034 1268 Dec.

390 1305 429 1365 A.
451 1301 491 1362 11.
515 1303 550 1362 C.
575 1302 646 1382 695.
783 1318 785 1325 ·

87 1452 198 1516 stanes
212 1454 409 1529 tructarum,
432 1458 470 1515 ue
494 1451 613 1513 tantun
636 1452 759 1528 offuso,
782 1459 819 1512 ae
833 1426 960 1516 tinem
974 1444 1034 1537 fiai

87 1567 179 1616 reato.
213 1578 239 1619 1.
311 1559 422 1645 Quibus
448 1556 538 1633 caufis
564 1567 726 1617 commotus
746 1558 782 1633 se
812 1550 1033 1636 Dyrrhachium
1086 1582 1090 1593 ·

87 1659 216 1720 etuleris.
240 1679 270 1722 2.

221 1837 430 1908 CICERO
480 1834 729 1914 ATTICO,
782 1838 820 1908 S.

87 1994 156 2064 Etsi
172 1993 352 2083 diligenter
366 1993 409 2056 ad
429 2013 483 2063 me
498 1990 648 2081 Quintus
665 1992 772 2058 irater
788 2006 823 2057 et
837 1990 926 2063 Piso,
948 2013 1033 2076 quae

87 2111 221 2168 stacta,
242 2093 459 2182 scripserant:
489 2106 603 2157 tamen
628 2093 766 2166 vellem,
798 2107 911 2158 tuate
935 2117 1033 2169 occu·

87 2222 185 2264 ›non
203 2195 403 2284 impedisset,
425 2217 492 2279 quo
507 2200 629 2268 minus,
650 2208 690 2259 ut
703 2194 880 2267 consuesti,
908 2196 948 2259 ad
968 2219 1035 2270 me,

108 2311 267 2388 ageretur
286 2309 320 2361 et
336 2297 415 2379 quid
428 2297 657 2384 intelligerem
678 2295 922 2387 perscriberesg
974 2297 1034 2360 Me
1103 2371 1104 2375 Ἰ

87 2423 120 2465 rc
143 2397 297 2463 Plancius
312 2397 512 2464 liberalitate
527 2398 582 2463 suu
599 2396 743 2470 retinet,
770 2401 837 2460 iam
857 2393 1036 2477 aliquoties

87 2514 170 2568 Itum
187 2506 236 2566 ire
251 2506 287 2564 in
301 2500 453 2587 Epirum.
498 2500 586 2588 Spes
607 2499 735 2596 homini
751 2491 798 2561 est
811 2500 946 2570 Iniecta,
966 2482 1038 2587 nors

87 2626 148 2677 em,
184 2600 390 2685 quaemihi,
432 2601 521 2688 posse
540 2624 603 2667 nos
627 2623 693 2665 una
714 2597 897 2664 decedere:
935 2618 1036 2680 quam

104 2702 166 2767 fibi
190 2725 311 2789 magno
332 2699 453 2767 honori
476 2702 584 2790 sperat
605 2703 689 2766 inre.
741 2697 910 2771 seuram,
933 2720 1036 2782 quum

87 2818 194 2872 entare
208 2802 331 2868 milites
354 2802 535 2880 dicuntur,
557 2803 750 2871 faciendum
769 2801 871 2866 nobis
895 2805 976 2875 erit,
1000 2812 1038 2866 ut

392 3030 661 3043 m

87 3201 264 3256 ramcumque
301 3183 331 3237 in
356 3177 496 3267 partem]
554 3177 797 3258 appulerucu.
815 3177 1039 3258 or.proPlenc.

90 3262 265 3334 natarunt,
286 3261 346 3323 five
362 3264 454 3324 bons.
556 3286 580 3330 c.
596 3275 646 3340 4¹·
673 3258 794 3322 Manat.

87 3355 160 3411 uibus
183 3351 297 3426 putabis
322 3371 392 3423 opus
420 3346 498 3436 esse]
599 3346 729 3430 milites]
779 3367 859 3427 quos
888 3347 922 3406 L.
954 3345 1042 3431 Piso*

87 3437 184 3507 deos,
200 3432 240 3495 ad
259 3455 338 3516 quos
352 3432 427 3493 utile
442 3454 500 3513 pu·
555 3430 724 3514 proconsul
739 3431 896 3511 Appuleio
919 3448 1046 3511 praetu-

87 3519 221 3586 tscribi,
260 3515 403 3601 epistolas
427 3538 499 3580 meo
556 3522 584 3583 ri
607 3514 824 3601 'Macedoniae
858 3513 1044 3595 successurus

87 3611 143 3667 u'ne
170 3603 191 3667 s.
217 3621 376 3686 tamqnam
406 3624 422 3662 a
450 3622 501 3661 me
558 3600 769 3683 praemiserat.
813 3600 859 3660 Ab
878 3605 913 3660 ils
939 3616 1045 3679 autern

87 3707 140 3751 uas
154 3685 355 3771 perferendas
371 3707 468 3748 cures,
558 3688 633 3758 ideo
655 3684 803 3756 timebat,
829 3685 917 3766 quod
929 3682 983 3748 fibi
997 3686 1047 3744 Pi-

87 3770 150 3857 pist.
164 3774 336 3837 LXXVIII.
370 3795 396 3834 r.
413 3768 503 3861 Pili]
557 3772 664 3855 senem
680 3764 913 3830 Inimiciffimum
929 3789 1049 3852 cogno·

87 3863 176 3921 nouis
192 3879 297 3941 gener.
560 3871 657 3929 yernt.
698 3851 818 3913 Manat.

87 3944 137 4023 affe
166 3964 219 4001 nos
249 3965 306 4003 uua
339 3939 503 4023 decedere]
604 3938 762 4022 dicuntur]
805 3940 877 3999 Hoc
904 3938 1048 3998 revocavi

87 4028 164 4090 ustor
178 4031 260 4089 enim
278 4043 342 4086 ernt
364 4021 505 4085 Plancius
563 4046 598 4086 ex
614 4026 684 4109 edd.
706 4027 799 4085 Rom.
824 4018 894 4083 nid
914 4022 1048 4105 Hervag.

87 4113 275 4191 sacedotum,
303 4127 451 4194 praetore
471 4112 507 4173 L.
564 4113 678 4173 Cetera
706 4109 779 4171 iude
804 4128 822 4168 a
847 4104 982 4168 Jensono
1005 4108 1049 4164 di·
