2506 4808
297 314 582 391 EPISTOLA
615 317 890 390 LXXXVIL·
1080 341 1123 407 5¹3

70 503 157 572 velle
186 503 406 592 cognoscere.
468 502 583 571 Pridie
616 527 724 570 nonas
754 503 852 572 Sext.
882 505 1100 600 Dyrrhachio
1138 567 1143 573 .

67 606 139 670 lum
154 607 347 693 profectus,
365 605 425 671 illo
437 605 507 692 ipso
526 609 599 682 die,
620 631 687 691 quo
703 607 760 671 lex
776 607 823 671 est
845 608 909 672 lata
927 611 968 674 de
985 614 1097 676 nobis.

68 704 282 771 Brundisium
294 712 370 772 veni
384 700 483 772 nonis
495 706 610 788 Sext.;
627 713 675 775 ibi
689 706 770 772 mibi
783 705 932 774 Tulliola
947 732 1022 774 mea
1035 712 1100 777 fuit

65 807 198 894 praesto
215 807 314 872 natali
334 805 391 870 luo
408 806 480 893 ipso
500 809 573 883 (lie,
597 817 651 893 qui
676 808 750 874 calu
766 810 1000 876 idemnatalis
1026 826 1098 877 erat

59 922 101 985 ,et
118 906 334 972 Brundisinae
354 907 527 982 coloniae,
547 924 580 974 et
594 923 670 976 tuae
685 916 813 976 vicinae
831 908 972 977 SalutiS.
1001 913 1097 1002 Quae

65 1030 123 1073 res
143 1005 368 1072 animadversa
384 1029 402 1071 a
419 1008 653 1084 multitudine,
675 1011 800 1076 summa
818 1012 1096 1080 Brundisinorum

66 1109 296 1198 gratulatione
326 1109 496 1173 celebrata
521 1110 577 1175 est.
621 1111 717 1177 Ante
745 1115 836 1179 diem
858 1134 899 1181 vr
926 1116 972 1181 id.
995 1115 1104 1193 Sext.

63 1218 209 1300 cognovi
228 1212 338 1276 literis
355 1209 475 1299 Quinti
501 1211 629 1287 fratris,
651 1209 795 1278 mirifico
814 1214 923 1283 studio
940 1224 1099 1282 omniurn

64 1330 213 1380 aetatum
238 1326 336 1395 atque
358 1312 534 1386 ordinum,
558 1315 752 1380 incredibili
775 1315 940 1385 concursu
962 1318 1095 1393 ltaliae,

60 1417 175 1503 legem
191 1420 336 1478 comitiis
353 1421 550 1481 centuriatis
561 1416 626 1480 esse
642 1416 815 1502 perlatam.
857 1406 1100 1494 Inde,allrun⁴'

62 1517 176 1582 difinis
199 1513 423 1580 ltoneltilfime
442 1530 602 1590 ornatuS‚
621 1523 688 1582 iter
710 1525 759 1583 ita
779 1520 863 1593 feci,
883 1532 921 1585 ut
942 1523 1094 1605 undique

62 1620 107 1683 ad
125 1642 177 1682 me
193 1642 272 1682 curn
287 1617 510 1705 gratulatione
524 1617 626 1705 legati
642 1627 875 1687 convenerint.
895 1618 954 1686 Ad
970 1626 1093 1688 urbem

61 1728 111 1786 ita
133 1726 228 1793 veni,
258 1733 296 1782 ut
317 1742 421 1784 nemo
441 1719 541 1784 ullius
564 1719 694 1785 ordinis
717 1717 821 1785 ltonro
846 1725 1092 1791 nomenclatori

61 1836 168 1886 notus
194 1823 319 1893 fuerit,
348 1825 403 1901 qui
425 1817 508 1884 mibi
527 1822 661 1883 obviam
683 1843 752 1898 non
774 1829 920 1898 venerit,
957 1838 1092 1911 praeter

61 1944 123 1987 eos
145 1929 323 1995 inimicos,
344 1924 465 2004 quibus
483 1922 518 1985 id
536 1919 641 2007 ipsum
659 1944 726 1984 non
740 1920 861 2011 liceret
875 1937 932 1988 aut
948 1923 1093 1990 distimu-

59 2024 150 2097 lare,
182 2037 239 2089 aut
262 2044 398 2110 negare.
442 2020 557 2110 Quum
579 2019 736 2086 venil'sern
765 2025 806 2088 ad
829 2037 960 2110 portam
983 2026 1090 2113 Cape·
1130 2085 1145 2114 χ

58 2148 157 2199 narn,
199 2126 324 2213 gradus
353 2122 558 2209 templorum
589 2124 629 2186 ab
658 2120 774 2188 infima
801 2125 903 2212 plebe
928 2127 1089 2214 completi
1118 2144 1120 2149 '

59 2239 174 2291 erant:
196 2250 213 2289 a
229 2249 292 2309 qua
306 2225 418 2313 plausu
435 2230 582 2288 maximo
599 2245 703 2306 quum
718 2225 797 2290 esset
810 2224 891 2290 mihi
907 2229 1088 2316 gratulatio

58 2326 255 2414 significata:
278 2325 388 2390 snnilis
410 2342 445 2390 et
465 2326 672 2407 frequentia,
694 2338 728 2390 et
749 2326 879 2415 plausus
904 2349 957 2391 me
975 2350 1085 2411 usque

58 2430 102 2492 ad
118 2429 319 2516 Capitolium
342 2427 540 2508 celebravit;
560 2430 596 2489 in
616 2425 780 2512 foroque,
802 2441 836 2493 et
849 2435 886 2495 in
900 2425 971 2514 ipso
988 2428 1085 2517 Capi·

57 2529 144 2595 tolio
165 2529 318 2594 miranda
333 2528 515 2592 multitudo
535 2526 611 2592 fuit.

99 2905 152 2961 illo
187 2901 270 2984 ipso]
312 2902 426 2964 Melius
460 2899 539 2974 boe,
596 2898 684 2980 qnod
712 2918 748 2958 ex
770 2896 1024 2962 antecedentibus
1052 2917 1085 2964 et

51 2991 145 3047 etiam
157 2983 294 3047 Ernesti&
310 2989 428 3060 iudice,
451 2988 540 3067 qnod
596 2982 855 3064 consequentibus
870 2985 970 3045 verbis
985 3007 1043 3067 per
1053 2987 1085 3049 se

52 3069 158 3131 est‘in
181 3075 241 3132 Mt.
270 3073 388 3132 Faerni.
432 3073 538 3155 Vulgo
594 3067 847 3150 intelligebatur?
1077 3123 1084 3133 ,

50 3159 114 3233 ipso
142 3160 203 3218 illo.
637 3154 829 3227 bonestiffime
853 3152 996 3236 ornatus]
1034 3157 1085 3217 stc

93 3254 123 3299 et
158 3255 226 3298 tuae
262 3242 375 3297 vicinae
407 3233 541 3322 Salutis]
595 3241 731 3298 Faernus
755 3235 879 3316 legebat
905 3243 1083 3301 auctoribus

49 3328 135 3387 aedis
156 3327 285 3396 Salutis,
308 3345 389 3404 quae
412 3341 477 3383 eret
499 3330 540 3382 vi·
595 3325 749 3383 veteribut
771 3321 873 3393 libris,
895 3322 991 3403 idque
1013 3322 1085 3385 sene

49 3418 120 3472 cina
143 3411 270 3470 aedibus
286 3413 379 3468 Attici
399 3414 430 3469 in
450 3428 541 3471 mon·
594 3409 702 3467 melius
726 3406 852 3489 vulgato
872 3408 1084 3484 honestiffimis.

49 3514 84 3558 te
101 3496 264 3573 Quirinali.
310 3490 435 3567 Ernesti.
596 3493 769 3553 Gulielrnut
794 3492 979 3552 coniiciebat
1005 3498 1083 3553 cxci.

47 3607 50 3612 ·
94 3579 241 3660 cognovi]
260 3573 541 3655 Recentioretpost
595 3575 670 3637 dille
695 3572 806 3646 SCtts;
848 3577 1002 3637 eiusmodi
1031 3597 1085 3638 nn·
1147 3578 1151 3587 “

50 3666 177 3725 Bosrurn
218 3664 404 3723 addiderunt
448 3682 540 3741 quum
595 3678 659 3723 tem
681 3663 807 3742 oppidis
832 3653 914 3720 Scta
934 3682 1000 3722 uon
1031 3666 1084 3722 tri·

50 3753 204 3826 Brundisii
219 3752 323 3824 ejl'em,
345 3768 426 3828 qnae
446 3747 539 3805 verbe
590 3747 751 3814 bannitur,
781 3743 833 3804 led
855 3751 960 3825 potina
983 3749 1082 3804 decre·

48 3836 158 3895 Bofius
178 3855 196 3894 e
216 3835 312 3893 tribus
333 3833 427 3892 codd.
455 3850 541 3890 rece-
596 3842 639 3889 ta.
682 3829 821 3890 Ernestio
843 3835 976 3892 venitin
997 3851 1084 3892 men·

51 3927 117 4000 pit,
156 3940 252 3999 quum
294 3935 384 3976 antea
427 3919 539 3977 rectius
595 3931 658 3976 tent
680 3941 699 3973 a
720 3912 902 3991 Brundisinis
924 3916 1083 3993 honestt'sfi·

46 4012 85 4065 ,in
124 4005 226 4085 vulgg.
271 3998 416 4062 rebellent.
476 4000 541 4058 Cur
594 4005 652 4059 mis
666 4005 840 4064 comitatus,

53 4094 136 4150 enirn
167 4079 231 4148 hoc
256 4089 384 4166 cicero·
409 4084 541 4168 adderet
604 4138 607 4143 .
682 4144 685 4149 ,
