2506 4808
184 334 248 396 228
455 310 737 379 EPlSTOLA
791 312 938 380 XLIV.

156 513 177 579 3
272 502 306 567 A
319 496 458 567 Caesare
474 498 571 565 valde
586 497 771 563 liberaliter
784 503 925 573 invitor,
952 494 1015 563 fibi
1032 513 1074 565 ut
1098 498 1161 565 fim
1179 498 1222 567 le·

190 617 303 693 gatu53
347 614 446 685 atque
468 606 568 664 etiam
589 602 697 666 libera
718 600 844 687 legatio
874 605 945 666 voti
976 599 1078 665 caula
1109 602 1219 667 datur.

190 706 262 774 Sed
280 704 363 768 haec
382 714 416 765 et
435 700 586 788 praesidii
608 704 696 791 apud
713 704 878 791 pudorem
893 700 1063 768 Pulchelli
1075 724 1153 767 non
1168 698 1222 765 lnt-

188 808 249 870 bet
264 805 359 877 satie,
381 815 414 867 et
431 822 449 863 a
464 802 577 867 fratris
594 806 741 869 adventu
757 825 811 866 me
827 801 975 889 ablegat:
1006 801 1068 866 illa
1089 814 1131 867 et
1153 824 1220 867 mu-

188 912 296 973 nitior
320 904 384 977 elt,
420 913 454 966 et
477 924 548 965 non
562 905 721 991 impedit,
743 927 810 988 qno
828 909 940 967 minus
964 902 1092 979 adfim,
1118 924 1219 987 quum

188 1007 300 1074 velim.
343 1004 440 1068 Hanc
463 1024 527 1089 ego
550 1017 667 1085 tene03
708 1003 763 1069 led
786 1005 921 1069 usurum
940 1026 995 1068 me
1023 1026 1102 1069 non
1127 1014 1217 1091 puto.

188 1107 308 1189 Neque
322 1117 436 1168 tamen
451 1103 517 1167 seio
533 1104 613 1187 quid
628 1126 740 1193 aganr;
768 1128 838 1169 non
857 1105 952 1169 lubet
968 1105 1118 1194 fugere;
1139 1124 1216 1169 aveo

187 1228 353 1295 pugnare.
409 1204 535 1291 Magna
563 1201 636 1267 sunt
658 1203 834 1270 hominnm
856 1206 970 1271 studia.
1035 1203 1116 1272 Sed
1137 1202 1215 1271 nihil

190 1304 342 1385 aflir11103
368 1319 407 1369 tu
424 1304 488 1370 hoc
504 1304 626 1368 filonis.

158 1423 182 1494 4
277 1407 334 1473 De
359 1405 469 1473 Statio
493 1404 709 1479 manumissi),
749 1420 784 1469 et
805 1404 977 1472 nonnullis
1001 1403 1081 1473 aliis
1115 1408 1214 1473 rebnt

564 1632 832 1646 m

229 1789 357 1858 invitor,
380 1785 439 1860 sabi
463 1794 495 1840 nt
508 1784 568 1859 sim
591 1785 671 1861 lega·
729 1782 812 1843 aare?
858 1780 1033 1867 σαρκασμδν
1088 1780 1212 1845 dictum.

187 1871 249 1954 tus]
279 1870 401 1951 Vulgo:
418 1868 529 1926 invitor
546 1871 576 1927 in
590 1873 671 1947 lega·
732 1864 864 1927 Latnbin.

187 1959 298 2014 tionem
319 1959 421 2025 illam,
437 1955 494 2029 sibi
511 1963 543 2010 ut
557 1956 617 2029 fim
631 1958 671 2013 le·
771 1964 826 2011 eta
831 1952 946 2024 fratris
961 1956 1099 2011 adventu
1113 1952 1213 2013 moab

186 2051 284 2116 gatus.
328 2039 434 2098 Verba
447 2038 529 2098 male
541 2040 672 2100 inculce-
727 2038 824 2121 legat]
867 2040 973 2120 Quum
988 2038 1212 2101 illereditnrna
1241 2116 1245 2121 Ι

187 2141 218 2186 ta
233 2124 409 2184 delevimus.
730 2122 804 2183 ell'et
819 2144 854 2183 ex
870 2121 938 2184 Alte
947 2165 958 2195 ‚
976 2139 1008 2182 et
1023 2122 1142 2184 Cicero
1153 2121 1213 2183 tm

229 2211 321 2267 libera
350 2211 461 2285 legatio
497 2211 561 2265 voti
589 2211 672 2282 causa
728 2207 803 2267 tall'e
824 2204 1091 2289 procultabellet.

187 2295 271 2369 causa
292 2290 403 2376 datm]
446 2288 576 2352 offertur
597 2290 671 2351 milri
771 2314 830 2374 qne
857 2296 952 2351 minus
980 2294 1099 2368 adsim,
1125 2312 1212 2377 quem

186 2384 280 2439 etiam
300 2378 396 2438 libera
420 2375 536 2459 legatio
558 2382 668 2437 votive.
725 2377 836 2460 velim]
877 2381 958 2438 Nam
980 2382 1013 2439 in
1029 2376 1213 2455 provinciali

185 2467 291 2544 Qtwm
306 2466 386 2523 enim
404 2461 522 2521 liberae
535 2461 668 2544 legatio·
723 2462 883 2547 legatione
899 2462 992 2523 secile
1009 2484 1028 2523 a
1044 2466 1215 2543 praelectia

181 2567 237 2610 nes
261 2547 451 2608 senatoribus
479 2551 667 2627 privatarum
724 2547 950 2628 impetrabant,
995 2562 1031 2609 ut
1075 2546 1210 2611 adessent

181 2653 287 2693 rerum
313 2630 401 2693 caule
434 2632 597 2702 darentur,
632 2646 668 2691 ut
725 2652 821 2712 quum
840 2633 962 2703 vellent,
981 2630 1134 2693 inlibertt
1149 2652 1210 2695 eet·

180 2722 213 2777 in
228 2720 400 2798 provincias
415 2718 550 2796 proiecti
570 2719 668 2774 meio·
723 2731 789 2776 tum
810 2733 931 2798 tempus
954 2713 1209 2791 constituebatur,

180 2822 303 2863 tecum
324 2804 473 2885 dignitate
492 2800 535 2858 ibi
557 2799 667 2861 versari
723 2815 758 2859 ut
777 2816 865 2881 patet
897 2823 934 2863 ex
954 2798 1053 2880 epist.
1079 2824 1109 2864 2.
1142 2802 1209 2865 libri

179 2883 324 2966 pollent,
347 2902 414 2946 tum
436 2883 550 2964 species
572 2906 667 2965 quee-
722 2887 792 2944 XV.
808 2887 848 2946 ad
864 2887 927 2947 Art.
955 2882 1086 2961 Popma.

183 2970 352 3041 demetat,
375 2990 458 3051 quae
471 2972 535 3029 voti
542 3012 553 3043 ‚
577 2970 666 3049 quod
764 2970 871 3055 teneo]
913 2969 994 3031 hanc
1016 2969 1208 3055 legationem

181 3054 291 3135 eliquia
314 3051 532 3134 nuncupallet,
571 3054 665 3114 exlol·
722 3052 810 3114 alteri
867 3056 985 3116 liberae
1041 3058 1209 3135 praefero,

181 3138 274 3199 vendi
291 3138 377 3198 ceule
396 3137 536 3199 debetur.
722 3138 838 3200 etiemli
859 3139 983 3200 usurum
996 3160 1052 3200 me
1066 3162 1136 3205 nen
1153 3162 1227 3225 pte.

224 3224 305 3298 apud
332 3227 476 3298 pudorem
501 3220 663 3306 Pulchelli]
721 3238 794 3284 tem.

179 3306 664 3388 Nonpotuitotlibrorumvete·
763 3331 857 3391 neque
895 3320 995 3367 tamen
1027 3312 1098 3388 seio
1143 3312 1209 3393 qaid

179 3412 247 3452 rum
261 3408 292 3452 et
307 3392 485 3453 Italicorum
504 3408 534 3451 et
548 3389 665 3452 nostra·
721 3393 834 3476 agam]
862 3393 909 3454 lta
925 3396 1093 3457 emendavi
1106 3398 1210 3483 vulga·

177 3479 536 3548 tium,Memmienorum
551 3479 665 3536 diceet
721 3492 805 3540 tum:
825 3500 915 3555 neque
935 3490 1034 3538 tarnea
1049 3484 1114 3559 seit
1135 3486 1207 3562 quit·
1239 3535 1241 3542 .

178 3561 369 3634 Huraltieni,
404 3576 435 3620 et
451 3559 662 3634 Tornaelieni,
720 3582 827 3639 qrmm5
855 3564 945 3645 quod
973 3562 1096 3627 sensum
1125 3590 1207 3631 coart-

178 3644 357 3707 consenlum
389 3646 563 3729 negligere,
608 3650 662 3728 qui
718 3650 849 3708 modum
869 3647 953 3709 haud
973 3650 1123 3716 admittit.
1169 3652 1208 3715 ll·
1240 3665 1241 3670 ’

179 3750 286 3791 omnes
302 3730 415 3791 hebent
430 3735 585 3805 pudorem,
599 3750 660 3811 pro
717 3732 893 3793 ludentem
908 3731 1208 3823 sequentibuaoptl'·
1241 3780 1244 3785 -

177 3835 243 3895 quo
258 3814 372 3899 vulgati
382 3815 523 3887 furorem
531 3837 545 3885 ,·
572 3816 661 3897 quod
718 3836 768 3876 me
788 3821 942 3879 convenit.
1196 3840 1202 3859 ·
1237 3824 1241 3833 '

175 3898 215 3960 ab
233 3903 268 3960 iia
290 3898 481 3960 substitutum
502 3915 581 3981 puto
607 3903 661 3979 qui
761 3898 1122 3991 DeStatiomanumrffo]
1141 3906 1208 3969 Sta·

173 3988 319 4060 perderem
334 4004 400 4046 non
415 3986 545 4045 viderint
562 3988 660 4067 εἴρωνα·
715 3988 774 4046 tius
806 3988 863 4047 suit
896 3988 1008 4067 Quinti
1043 3992 1207 4055 Ciceroni!

174 4071 230 4141 κός
260 4068 282 4131 l.
308 4070 374 4133 κατ’
403 4070 569 4154 intepuere
603 4083 658 4129 eut
714 4068 825 4145 servus,
846 4074 934 4136 nimia
951 4072 1039 4155 apud
1056 4094 1209 4165 cumgra-
