2506 4808
162 301 223 374 1⁸4
382 286 668 359 rrrsrorA
708 288 979 361 cxxxvrr·

162 488 197 542 te
213 477 321 543 Roma
345 476 374 541 'a
397 479 430 541 d.
445 496 486 543 vr
508 478 554 539 id.
571 476 653 542 Mai.
670 486 790 563 putare
810 480 1025 566 profectum
1046 483 1130 560 esse,
1147 498 1193 551 tar·

161 579 258 653 dius,
293 601 392 663 quam
414 580 564 651 dixerat,
588 579 678 664 quod
702 583 816 643 nonus
843 581 1029 647 valuisses.
1088 584 1127 653 Si
1146 594 1194 652 iam

163 680 285 746 melius
306 680 416 753 vales,
446 677 665 744 vehementer
687 681 830 769 gaudeo.
895 684 1044 761 Velim,
1077 688 1195 755 donruu

164 783 206 849 ad
221 799 255 849 te
272 782 415 853 scribas,
438 794 475 844 ut
488 778 570 846 mihi
587 787 635 845 tui
652 780 911 871 libritpateant,
934 808 1016 853 non
1034 788 1152 865 secus,
1170 815 1195 856 ac

164 883 187 947 si
203 884 271 971 ipse
288 884 433 955 adesses,
454 902 557 963 quum
574 889 697 955 ceteri,
720 895 791 947 tum
806 884 1002 953 Varronis.
1051 891 1112 956 Est
1126 900 1196 959 enim

164 986 248 1053 mihi
269 987 431 1052 utendum
454 982 653 1066 quibusdam
675 985 778 1048 rebus
802 991 912 1051 exiis
939 989 1054 1057 libris
1077 996 1123 1059 ad
1137 988 1196 1067 eos,

167 1108 253 1170 quos
276 1093 309 1151 in
331 1088 484 1151 manibus
507 1082 629 1149 habeo:
664 1105 769 1167 quos,
800 1100 839 1150 ut
863 1086 993 1174 spero,
1029 1097 1099 1161 tibi
1120 1095 1195 1162 valde

166 1189 330 1275 probabo.
374 1185 433 1250 Tu
447 1185 565 1261 velim,
583 1186 603 1251 sr
625 1186 704 1272 quid
720 1186 817 1251 sorte
840 1195 922 1255 novi
947 1188 1092 1269 habes,
1115 1203 1194 1261 maxi

167 1309 223 1351 me
242 1308 260 1349 a
279 1287 408 1373 Quinto
430 1289 552 1362 fratre,
582 1289 703 1353 deinde
725 1307 743 1350 a
765 1287 806 1352 C.
825 1288 1000 1367 Caesare,
1028 1310 1066 1360 et
1090 1295 1113 1361 si
1134 1298 1194 1383 quis

167 1388 260 1451 forte
278 1388 320 1450 ‹se
341 1394 506 1461 comitisa,
529 1388 571 1453 ‹se
588 1388 787 1477 republica,
809 1386 916 1470 (soles
942 1401 1048 1459 enim
1074 1411 1114 1472 tu
1131 1398 1194 1464 baec

167 1487 281 1554 festive
296 1490 458 1572 odorari)
482 1488 606 1553 scribas
627 1491 669 1555 ad
688 1512 759 1572 me;
783 1487 868 1554 sinis
891 1490 1073 1573 habebis,
1102 1513 1194 1565 tamer

166 1589 292 1655 scribas
316 1591 450 1674 aliquid.
493 1588 683 1675 Numquam
699 1597 788 1656 enim
805 1589 889 1657 mihi
911 1606 978 1659 tua
998 1599 1143 1684 epistola
1156 1613 1196 1667 aus

166 1693 417 1778 intempestiva,
438 1706 494 1757 aut
514 1692 637 1776 loquax
657 1691 720 1757 visa
742 1690 799 1756 est.
841 1693 1005 1763 Maxime
1024 1714 1143 1767 autem
1161 1725 1196 1767 ro

168 1814 230 1881 go,
252 1796 355 1860 rebus
375 1800 461 1866 tuis,
484 1808 623 1879 totoque
644 1800 762 1859 itinere
780 1815 821 1857 ex
843 1791 1017 1864 sententia
1035 1805 1195 1875 consecto,

170 1915 235 1958 nos
268 1901 514 1981 quamprimum
550 1894 680 1964 revisas.
722 1892 921 1987 Dionysium
953 1903 1044 1967 iube
1077 1902 1195 1971 sasverc.

170 1996 277 2073 Cura,
300 2016 337 2064 ut
352 2000 473 2066 rascas,

547 2289 814 2317 Μ

212 2505 304 2590 Epist.
322 2505 508 2569 CXXXVII.
533 2506 654 2590 putare]
710 2528 769 2588 pus
790 2527 855 2566 uon
882 2509 924 2566 ita
949 2506 1057 2593 longe
1085 2514 1196 2588 oberrq

171 2592 236 2652 Cur
261 2590 417 2653 Vestorius
446 2610 563 2652 tautum
586 2592 654 2652 scri·
712 2615 751 2651 eo
775 2607 879 2652 tamen
899 2613 987 2653 enno
1012 2596 1198 2662 habitabas

169 2675 564 2752 bererseputarebmcum
580 2699 654 2757 pro·
710 2675 786 2737 sunt.
831 2673 950 2735 Manus.

169 2762 285 2821 sectum
306 2759 383 2834 esse,
405 2759 459 2822 nisi
480 2762 563 2821 sorte
588 2777 654 2821 tum
742 2760 874 2843 sessim]
897 2763 997 2821 Recte
1014 2761 1060 2824 sic
1078 2765 1198 2828 scriben-

169 2844 234 2922 ipse
252 2866 381 2925 quoque
399 2847 500 2906 Roma
521 2843 654 2906 abesset?
711 2845 785 2905 dum
803 2844 863 2905 esse
884 2847 1070 2910 iudicarunt
1086 2855 1197 2913 Manus.

169 2930 293 2991 Vereor
307 2951 347 2991 nc
362 2932 599 3015 expungendum
619 2929 654 2992 sit
710 2933 827 2990 Victor.
857 2928 993 3004 Ernesti,
1034 2956 1105 3016 pro
1129 2938 1198 3021 vulg.

169 3025 286 3092 putare.
702 3013 824 3093 festiue.

212 3102 332 3166 domum
355 3103 395 3159 od
416 3099 467 3184 te]
510 3122 571 3182 pro
602 3107 652 3162 dc·
753 3111 815 3169 toto
832 3100 957 3184 itinere]
977 3103 1041 3162 vix
1056 3104 1199 3166 credibile

78 3250 82 3260 ¹
169 3188 441 3245 murnadruos*
471 3181 589 3245 Manus.
711 3182 754 3246 est
768 3185 828 3244 boc
844 3190 902 3246 iser
916 3183 1090 3249 Asiaticum
1112 3188 1199 3262 fuisse,

211 3290 286 3352 quos
322 3273 351 3328 in
377 3272 506 3328 manibus
542 3268 652 3355 habeo]
710 3272 1199 3353 urMamuiusputatzquomodo

169 3354 211 3416 de
228 3355 397 3431 republica
417 3354 475 3415 scis.
501 3351 620 3415 Manat.
712 3358 791 3415 cosm
807 3353 952 3415 fibrsicus
969 3359 1003 3414 in
1012 3356 1123 3420 Asiam
1136 3383 1201 3442 pro·

212 3461 231 3497 a
256 3439 365 3522 Quinto
379 3440 505 3522 fratre]
538 3446 590 3521 qui
615 3438 654 3498 ad
709 3442 806 3503 sectus
824 3436 907 3507 esser,
930 3441 1047 3501 Cicero
1066 3465 1201 3507 euurro.

170 3522 332 3583 Caesarem
350 3523 410 3583 hoc
421 3523 497 3604 ipso,
515 3547 579 3604 quo
591 3529 654 3604 epi·
711 3545 785 3606 gere
798 3520 950 3603 posuisset,
964 3523 1202 3608 utfiquidnoii
1252 3505 1253 3592 X

168 3604 246 3669 Rosa
261 3608 369 3688 scripta
384 3607 443 3679 est,
465 3611 567 3670 manse
581 3630 655 3691 pro·
711 3613 752 3669 dc
769 3612 889 3690 Quinto
908 3625 939 3669 et
956 3610 1097 3673 caesare
1117 3615 1203 3677 habe·
1252 3629 1253 3700 s

168 3697 267 3759 sectus
296 3710 370 3753 erat.
415 3693 530 3755 Manat.
703 3711 776 3763 ret,
803 3714 915 3772 nempe
932 3693 979 3752 vel
1000 3716 1021 3754 e
1038 3698 1204 3762 Galliavel

210 3781 248 3841 de
262 3775 404 3862 comitiis]
427 3799 561 3860 quorum
578 3793 656 3840 tem·
712 3779 922 3853 cBrisannia,
943 3776 1002 3841 fibi
1018 3788 1200 3855 nuntiam?
