2506 4808
229 308 517 381 EPISTOLA
558 256 714 383 XXVI.
926 327 986 404 133

87 512 326 574 recommota,
365 493 516 587 alpiravi't
538 524 640 568 nemo
665 523 801 577 eorum,
837 524 1010 591 quorum

87 601 217 675 morsu,
238 609 387 684 itemque
404 601 578 679 consules,
601 611 658 689 qui
670 605 746 693 post
758 628 812 670 me
829 607 983 684 fuerunt,

87 703 211 768 iblicam
224 704 409 768 defendere
431 704 592 769 solebant.
636 704 729 796 Quid
752 703 859 794 ergo?
882 708 982 785 iltos,

94 849 104 879 ‚
125 805 283 870 mercede
307 807 496 872 conductos
522 803 747 873 habebimus?
774 807 866 898 Quid
886 809 982 875 facie·

87 905 225 970 lialiter
244 929 316 971 non
339 907 537 994 possumus?
580 909 641 974 An
661 909 850 983 libertinis,
881 922 983 994 atquo

87 1009 176 1073 'ervis
193 1007 402 1074 serviemus?
426 1009 515 1084 Sed,
536 1024 576 1075 ut
593 1024 632 1074 tu
654 1015 721 1085 ais,
742 1003 813 1095 illue
834 1015 978 1100 σπουδῆς.

87 1116 201 1179 tonius
231 1130 343 1174 meam
371 1114 500 1176 tribum
535 1110 614 1175 tulit
640 1108 833 1187 honestius,
876 1126 1008 1199 quant7

87 1389 134 1446 eit
178 1407 264 1446 nemo
304 1385 433 1469 eorum]
491 1403 563 1447 ante
580 1382 623 1448 est
644 1386 823 1460 habebimus,
844 1402 910 1450 non
926 1392 977 1448 lta.

118 1475 241 1554 equites
271 1471 433 1553 Romanoa
490 1477 607 1531 beamus
614 1492 628 1542 ;
644 1475 874 1554 propterquod
885 1479 981 1536 etiem·

87 1572 117 1616 t:
163 1576 299 1638 quorum
336 1576 435 1638 opera
490 1554 531 1618 lic
547 1561 675 1617 correxi.
721 1551 851 1634 Ernesti.

87 1643 185 1702 {icero
223 1640 329 1702 consul
363 1639 433 1701 ulus
499 1636 770 1725 '‘alagonaolrssa]
799 1643 854 1703 Sat
868 1639 975 1704 studii:

87 1722 435 1806 lefendendarep.post
489 1719 629 1798 subaudi,
648 1723 782 1807 pofitum
797 1724 841 1787 est
854 1749 870 1787 a
884 1726 978 1788 nobie

87 1810 225 1872 asenam
239 1825 372 1891 proptor
391 1808 435 1870 le·
489 1814 522 1870 in
545 1813 659 1872 tuenda
680 1811 825 1887 ordinum
848 1831 978 1873 eoncor-

87 1894 211 1956 tsultum
234 1898 275 1955 de
295 1894 433 1968 iudiciis,
491 1896 551 1955 dia.
593 1898 702 1966 Nunc,
725 1912 759 1956 ut
782 1898 847 1958 dier
872 1892 978 1978 pollu-

91 1983 134 2051 de
155 1980 336 2040 inductione
353 1977 433 2039 Asta·
490 1979 552 2053 lat,
582 1984 624 2040 ita
654 1985 807 2043 vivamus:
846 1982 975 2063 qnando

86 2065 281 2149 vectigalium
306 2069 433 2124 minime
485 2064 551 2149 iam
580 2062 688 2127 officio
718 2063 788 2125 satia
821 2064 976 2149 superque

87 2149 434 2222 oent‚nonmodonon
488 2151 627 2212 lecimus.
670 2146 792 2209 Manat.

87 2251 172 2296 erunt
194 2235 234 2296 ad
249 2255 344 2314 opem
362 2235 434 2294 Me·
533 2257 560 2312 7.
586 2233 733 2295 bovonius
749 2256 845 2293 meam
866 2236 974 2291 tribum

87 2322 224 2393 endem,
251 2335 305 2379 aut
327 2322 432 2378 iuven-⁴
489 2318 914 2403 tulitltonesttitsquomsuam]
928 2312 975 2378 M.

87 2411 194 2466 imates
222 2408 254 2464 in
275 2403 431 2463 seditionis
474 2406 638 2465 -Favom'us
657 2408 784 2467 Catonia
801 2406 974 2465 aemulator

89 2534 99 2564 ,
134 2489 186 2550 led
211 2509 270 2551 nec
298 2487 432 2568 adspira·
488 2488 975 2562 Plut.inCatil.„meatribusfa·

87 2573 150 2634 lest
167 2594 207 2634 ne
222 2575 348 2633 iuvandi
365 2577 433 2654 qui·
488 2579 530 2634 vit
544 2575 585 2633 illi
608 2597 680 2635 meo
699 2576 858 2634 lamilieri‘’
875 2593 924 2652 ep.
946 2594 972 2631 1.

87 2677 225 2721 untotem
246 2659 430 2722 indicarunt.
487 2658 540 2717 lib.
567 2660 635 2719 Vll.
678 2661 835 2719 Ciceronis
868 2673 974 2717 autem

486 2746 545 2803 luit
563 2743 701 2814 Aemilia,
719 2759 753 2803 ut
770 2758 847 2822 puto
862 2763 912 2820 ep.
927 2749 972 2819 ¹4·

102 2829 237 2885 mercede
265 2811 430 2883 ‘conductos
487 2823 517 2887 h.
534 2826 554 2885 l.
570 2828 618 2886 vel
633 2833 735 2908 potius
753 2826 917 2898 Cornelia,
940 2829 974 2887 itt

87 2912 130 2996 rs]
151 2911 335 2994 Num'igitur
344 2915 431 2991 equi·
489 2933 549 2993 qua
566 2909 740 2994 suffragium
759 2911 901 2972 serebant
916 2911 974 2970 Ar·

115 2997 285 3057 baudelio
308 3001 431 3056 ratione
487 3003 617 3077 pinales.
660 3000 723 3057 Liv.
747 2996 767 3057 l.
789 3007 839 3068 38.
887 2994 973 3056 Tulit

87 3084 280 3164 liungemus,
303 3079 358 3141 niti
375 3080 432 3140 hac
488 3085 590 3141 autem
608 3081 730 3156 tribum,
749 3079 790 3142 est
806 3077 973 3164 suffragan·

87 3191 109 3239 t,
139 3183 175 3226 ut
201 3178 256 3226 eos
281 3165 323 3227 ob
352 3166 432 3224 iudi·
488 3183 549 3226 tem
574 3165 696 3245 babuit,
720 3183 754 3226 ut
779 3165 912 3245 Philipp.
931 3165 970 3226 Il.

101 3256 266 3334 pecuniam
291 3255 431 3329 accipere
489 3266 514 3311 t.
534 3273 561 3310 2.
581 3248 668 3308 Cora.
699 3254 850 3311 Favonius
869 3271 972 3310 meam

91 3381 102 3410 ,
149 3351 181 3396 et
208 3337 249 3395 de
272 3335 431 3394 locatione
488 3335 601 3395 tribum
621 3335 698 3396 tulit,
721 3337 793 3396 Hoc
808 3334 896 3394 facile
912 3355 973 3415 po·

87 3443 140 3481 um
162 3425 196 3480 iia
216 3421 431 3480 remittemus?
488 3426 546 3480 tuit
567 3420 730 3499 cognosci,
761 3420 972 3501 quoquuum

87 3509 132 3564 nis
150 3518 242 3585 atque
263 3507 352 3562 etiam
367 3507 430 3581 ser·
489 3523 578 3565 antea
589 3503 728 3587 suffragia
738 3502 845 3564 mistim
856 3505 973 3566 ferren-

89 3614 110 3652 n
145 3590 361 3650 libertinorum
399 3608 431 3650 et
488 3605 555 3652 tur:
580 3591 621 3649 ad
642 3589 736 3670 leque
757 3586 893 3672 fin'gulae
918 3597 972 3649 tri·

87 3696 218 3755 nopera
235 3691 358 3733 utemur
373 3694 431 3754 po·
487 3674 544 3735 boa
578 3673 808 3757 magistratuum
845 3674 972 3734 electio·

87 3783 143 3820 em
160 3759 245 3840 publ.
263 3759 432 3834 delenden·
487 3780 575 3830 nem,
601 3780 659 3840 per
681 3759 881 3819 ambitionem
900 3776 972 3838 per-

90 3867 170 3928 sque
194 3864 253 3904 not
276 3844 430 3904 obnoxios
488 3843 970 3927 traberent31egeFulialactorn

87 3933 113 3992 t?
157 3934 303 3993 Ceterum
320 3932 430 4005 seroie·
489 3926 547 4001 est,
568 3945 601 3987 ut
617 3934 759 4008 privatim
784 3925 971 4009 fingularum

87 4031 146 4079 tut
160 4014 255 4099 vulgo
265 4015 430 4089 serviamus
488 4015 628 4073 voluntas
652 4012 866 4092 inspiceretur:
893 4024 927 4068 ut
949 4005 972 4068 fi

87 4124 123 4163 rt.
165 4102 216 4161 Sic
232 4103 313 4162 enim
338 4102 431 4162 eliani
487 4104 586 4162 minus
601 4094 971 4182 fingulorumhomlnum,
