2506 4808
166 327 196 395 Ι
394 314 682 392 etlstona
720 318 966 389 mxvtt

144 544 168 590 2
280 508 446 578 Postridie
462 516 499 575 in
514 506 646 581 senatu,
666 513 725 591 qui
735 508 801 572 fnit
818 509 895 574 dies
912 532 993 576 non.
1008 507 1216 597 Septembr.

178 611 309 678 senam
321 619 449 700 gratias
466 617 609 698 egimus.
647 609 700 672 Eo
720 610 826 672 biduo
839 632 945 693 qnnrn
961 610 1042 676 esset
1055 630 1218 674 annonae

178 711 465 786 sumnam,
482 723 518 775 et
539 708 696 773 baumes
716 708 762 773 al
779 708 1101 800 theampdmo,
1120 710 1217 774 dein·

181 815 228 881 dc
254 814 297 879 ad
325 813 477 880 senatum
506 808 775 885 concurrissent,
806 815 952 902 impulsu
972 813 1103 891 Clodii3
1140 832 1223 875 mea

181 939 289 1006 open
302 917 465 981 trmnemi
479 918 631 1000 inopiam
647 907 714 974 csse
729 911 929 998 clamarem
950 938 1053 1000 quum
1072 934 1138 1000 per
1158 933 1223 977 cos

184 1018 260 1083 dies
280 1014 415 1081 senatus
429 1015 475 1078 de
486 1035 621 1079 annona
635 1011 842 1088 haberetur,
861 1018 949 1082 etad
971 1025 1043 1082 eius
1058 1037 1226 1105 procura-

182 1124 316 1185 tionem
333 1116 485 1181 sermone
502 1136 573 1177 non
595 1113 704 1177 solnm
723 1115 836 1202 plebis
850 1141 969 1184 rerum
993 1124 1094 1183 ctiam
1114 1119 1226 1180 bono-

183 1240 263 1286 rum
278 1217 461 1305 Pompeius
483 1227 684 1288 vocaretur,
702 1216 807 1300 idque
828 1217 899 1305 ipse
919 1231 1076 1306 cuperet3
1108 1216 1227 1280 multi·

185 1319 338 1402 tudoqne
361 1339 382 1381 a
402 1340 458 1381 mc
478 1322 698 1389 nominatim,
724 1329 764 1380 nt
785 1319 824 1381 id
845 1319 1084 1391 decernerem,
1109 1317 1226 1406 postu·

186 1418 291 1484 leret:
320 1419 407 1492 feci,
426 1429 462 1482 et
482 1429 641 1482 accurate
662 1415 860 1482 sententiam
884 1421 973 1502 dixi;
1005 1443 1112 1504 quum
1133 1418 1227 1483 abes·

188 1519 264 1586 sent
284 1517 500 1593 consulares,
525 1519 617 1602 qnod
636 1531 715 1583 tuto
736 1519 769 1584 se
791 1535 956 1608 negarent
980 1521 1072 1610 posse
1091 1520 1229 1585 senten·

187 1626 273 1686 tiam
296 1621 430 1693 dicere,
449 1634 587 1708 praeter
607 1618 781 1686 Messalam
798 1636 832 1685 et
846 1620 1039 1708 Ascanium.
1081 1622 1228 1686 Pactum

190 1720 240 1786 cst
262 1719 395 1786 senatus
419 1719 609 1784 consultum
627 1726 664 1784 in
685 1744 797 1785 meam
825 1722 1039 1796 sententiam,
1079 1737 1118 1787 nt
1145 1746 1228 1789 cnm

189 1819 354 1910 Pompeio
368 1834 548 1908 ageretur,
568 1833 608 1883 ut
622 1841 695 1883 eam
711 1843 785 1885 rem
802 1821 1001 1910 susciperet,
1020 1823 1145 1908 lexque
1162 1826 1229 1888 fcr-

190 1937 306 2005 retur3
329 1945 397 2006 quo
416 1927 454 1985 in
473 1925 640 1986 concione
659 1928 803 1986 recitato
824 1945 929 2006 quum
945 1925 1109 2012 populus,
1130 1947 1229 1989 more

191 2021 260 2088 hoc
274 2022 396 2089 insulso
409 2035 444 2087 et
458 2045 567 2093 novo,
587 2019 756 2107 plausum,
776 2046 854 2087 meo
872 2031 1011 2088 nomine
1028 2027 1230 2100 recitando,

194 2123 356 2189 dedisset:
384 2122 488 2188 habui
508 2127 726 2204 concionem;
754 2145 875 2189 omnes
896 2128 1112 2214 magistratus
1134 2149 1231 2214 prae·

192 2222 325 2299 sentes,
357 2239 496 2314 praeter
516 2247 624 2288 unum
643 2237 857 2310 praetorem,
895 2239 930 2289 et
952 2230 1039 2291 duos
1067 2231 1229 2292 tribunos

193 2323 326 2413 plebio,
364 2327 548 2392 dederunt.
613 2323 776 2391 Postridie
804 2324 937 2391 senatus
975 2329 1159 2411 frequens,
1196 2343 1231 2395 et

192 2447 317 2492 omnes
340 2427 532 2494 consulares
555 2425 641 2493 nihil
659 2425 821 2512 Pompeio
844 2427 1027 2515 postulanti
1046 2443 1230 2516 negarunt.

194 2523 257 2592 Ille
285 2526 416 2615 legatos
442 2528 636 2616 quindecim
661 2549 766 2610 quum
786 2527 987 2614 postularet,
1027 2553 1080 2594 me
1106 2537 1233 2618 princi·

193 2649 275 2717 pem
291 2635 494 2711 nominavit3
511 2642 551 2693 et
572 2627 613 2692 ad
630 2633 743 2691 omnia
755 2651 809 2690 me
827 2627 967 2694 alterum
990 2630 1021 2694 se
1037 2633 1112 2694 fore
1129 2632 1231 2700 dixit.

195 2727 324 2816 Legem
363 2729 517 2794 consules
555 2725 841 2814 conscripserunt,
882 2752 946 2813 qua
972 2730 1134 2817 Pompeio
1169 2755 1234 2820 per

197 2835 467 2917 quinquennium
493 2837 605 2896 omnis
636 2829 784 2918 potestas
812 2834 862 2896 rei
889 2831 1128 2895 frumentariae
1155 2846 1233 2899 toto

195 2933 280 2997 orbe
300 2943 471 2994 terrarum
495 2929 649 2994 daretur:
684 2929 823 3008 alteram
845 2929 1001 3004 Messius,
1037 2938 1095 3017 qui
1116 2942 1233 3000 omnis

194 3037 360 3121 pecuniae
381 3031 441 3098 dat
458 3029 676 3122 potestatem,
697 3042 732 3094 et
752 3027 905 3121 adiungit
926 3033 1057 3129 classem
1081 3047 1116 3099 et
1135 3057 1235 3106 exer·

197 3439 201 3448 ·
238 3425 268 3467 2.
291 3426 347 3482 quo
372 3409 402 3466 in
424 3408 562 3464 concione
578 3408 684 3463 recita·
742 3403 805 3464 elio
827 3403 911 3466 sensu
939 3416 1071 3472 recurrit
1095 3413 1239 3478 vocabu·

197 3497 229 3544 to
258 3511 350 3570 quum
378 3495 504 3566 populus
538 3511 623 3548 more
645 3524 685 3538 --
740 3488 807 3549 lum
834 3493 953 3564 concio,
997 3517 1057 3574 pro
1086 3502 1237 3566 oratione.

196 3573 344 3659 dedzyj'et]
368 3576 493 3660 Vulgo:
529 3597 585 3653 quo
599 3576 685 3650 seno·
744 3575 863 3636 Contra
877 3578 1033 3641 vocabulo
1050 3576 1131 3641 SCto
1153 3589 1239 3647 inter

195 3667 243 3714 tur
271 3662 400 3734 conjicito
438 3663 565 3720 recitato
594 3679 687 3741 quum
743 3681 798 3736 quc
827 3676 858 3721 ct
886 3667 1011 3723 recitato
1041 3666 1118 3727 nihil
1149 3691 1235 3750 opor

194 3747 333 3802 continuo
357 3767 441 3803 more
461 3762 520 3808 etc.
553 3745 690 3821 dedisset·
744 3762 828 3817 erat,
863 3746 962 3827 idque
988 3754 1049 3810 inm
1077 3753 1236 3817 Ernestinr

194 3827 259 3890 Pro
286 3830 425 3886 continuo
445 3830 497 3888 elii
522 3828 598 3888 olim
624 3829 688 3890 edi·
745 3849 782 3888 cx
808 3829 904 3914 glossa
927 3850 1030 3894 ortum
1055 3834 1116 3897 effe
1141 3856 1237 3918 pute-

195 3911 308 3976 dcrant
331 3915 449 3984 concio,
473 3919 505 3973 in
528 3913 593 3974 aliie
611 3911 688 3974 teste
743 3912 807 3977 bat.
849 3916 950 3975 Nobis
965 3920 1006 3978 cd
1030 3919 1145 3981 sensum
1168 3930 1236 3986 eius

196 3997 344 4059 corrado
365 4001 574 4074 eratpopulus
598 3999 688 4080 quod
742 3997 818 4059 loco
857 3998 1056 4065 necessarium
1095 4010 1237 4086 videtur,

195 4082 271 4144 ideo
296 4082 449 4166 praetuli,
487 4093 561 4167 quie
586 4081 688 4146 statim
744 4083 835 4166 quod
852 4084 979 4168 reposui
995 4092 1025 4148 in
1043 4097 1193 4154 concione.
