2506 4808
105 290 170 366 ne
317 380 319 385 ‚
379 276 662 350 rrrsronn
704 220 868 345 xxix:

108 477 151 540 ab
172 478 216 540 iis
238 463 478 543 didicerimus,
504 466 649 534 velimus
671 486 884 553 expromere.
941 464 1036 552 Atqu

110 576 247 661 quidem
262 579 422 662 princeps
438 575 584 659 ingenii,
606 581 640 632 et
657 568 832 633 doctrinae
848 567 962 643 Plato,
990 583 1036 634 tur

109 683 214 760 nique
225 675 300 740 iore
320 675 436 737 beatas
451 693 506 735 res
523 669 675 758 publicas
694 675 836 756 putavit,
856 667 878 732 fi
897 681 957 733 aut
972 671 1036 738 doc

108 777 275 867 sapientes
289 773 445 840 homines
461 793 517 837 eas
532 793 652 859 regere
667 768 868 857 coepissent3
891 783 950 836 aut
967 778 992 837 ii
1014 797 1036 858 q

109 893 249 968 gerent,
270 895 372 941 omne
394 873 489 937 suum
502 873 647 939 studium
662 877 699 936 in
716 873 889 946 doctrina,
916 894 956 938 ao
978 872 1036 962 lap.

110 979 329 1044 collocarent.
371 975 470 1040 Hanc
488 979 764 1041 coniunctionem
778 973 937 1040 videlicet
949 987 1036 1061 pote:

111 1102 150 1144 ac
189 1080 386 1166 sapientiae,
431 1074 528 1143 saluti
554 1077 682 1142 censuit
717 1077 908 1141 civitatibus
937 1073 1036 1163 esse]

111 1179 203 1264 quod
219 1177 354 1274 fortalle
368 1177 547 1260 aliquando
559 1175 731 1244 universae
745 1183 794 1242 rei
815 1177 972 1265 publicae
994 1198 1036 1241 no

110 1303 203 1348 nunc
216 1279 354 1364 quidem
367 1278 524 1366 profecto
537 1277 589 1343 isti
605 1284 799 1365 provinciae
815 1284 978 1365 contigit,
1001 1289 1036 1342 ut

110 1403 150 1448 ea
169 1380 332 1449 summam
349 1378 548 1469 potestatem
570 1377 728 1455 haberet,
749 1387 804 1446 cui
824 1386 862 1447 in
882 1381 1036 1446 doctrina

109 1489 146 1548 in
166 1488 311 1557 virtute,
349 1494 448 1565 atque
476 1477 685 1546 humanitate
709 1481 927 1570 percipienda
952 1481 1036 1570 pluri

71 1584 73 1591 '
110 1590 285 1670 apueritia
302 1583 401 1648 studii
422 1580 550 1654 fuisset,
574 1593 609 1644 et
624 1587 798 1668 temporis.
843 1579 957 1671 Quare
981 1603 1036 1648 our

109 1682 307 1760 bisannas,
329 1691 387 1769 qui
401 1685 442 1750 ad
464 1683 618 1750 laborem
635 1674 731 1746 tuum
746 1681 897 1758 accessit,
922 1680 1036 1748 ide'mr

107 1785 216 1853 lutem
239 1782 336 1852 Afiae
357 1798 564 1875 prorogatus
593 1782 656 1847 elle
678 1784 842 1849 videatur.
900 1783 1036 1874 Quonia

108 1893 194 1954 inte
214 1889 394 1953 retinendo
408 1889 474 1955 fuit
493 1885 570 1954 Atia
589 1884 738 1959 felicior,
770 1907 870 1968 quam
894 1907 959 1950 nos
978 1891 1017 1950 in

100 1990 237 2072 ,cendo;
265 1987 409 2076 perfice,
440 2001 479 2053 ut
500 1987 628 2054 laetitia
649 1993 841 2073 provinciae
861 1984 1036 2053 defiderim

106 2087 213 2152 strum
228 2089 384 2153 leniatur.
427 2090 563 2154 Etenim
577 2087 599 2152 ti
612 2094 648 2152 in
661 2089 909 2177 promerendo,
937 2101 978 2153 ut
992 2091 1036 2152 til

108 2195 137 2252 ti
158 2187 308 2253 honores
329 2189 551 2264 haberentur,
587 2195 704 2273 quanti
727 2188 818 2255 haud
840 2190 907 2255 scio
927 2211 971 2252 an
991 2212 1035 2254 ne

109 2286 199 2357 fuisti
223 2295 376 2354 omnium
398 2287 682 2379 diligentissimus:
713 2291 821 2356 multo
838 2297 1005 2356 maiorem
1027 2299 1036 2357 i

109 2388 247 2458 tuendis
272 2387 435 2460 adhibere
455 2391 665 2480 diligentiam
683 2391 807 2469 debes.
866 2395 912 2459 Et
935 2395 1036 2480 quide

153 2765 353 2851 collocarent]
417 2766 480 2827 Pro
514 2765 598 2851 vulg.
695 2767 898 2852 prorogatus]
943 2770 1036 2850 Quuu

110 2850 312 2926 collocassent,
360 2848 445 2911 edidi
473 2854 597 2910 colloca·
655 2853 1036 2932 quoqueCicerodicat‚n

109 2945 185 2993 rent.
235 2930 424 2996 Necessario.
472 2933 598 2995 Natnfi
655 2938 744 3008 diem,
753 2947 866 3013 tempus
880 2960 1036 3018 prorogon

109 3016 270 3100 vulgatum
286 3040 391 3092 verum
409 3016 500 3091 eliet,
521 3019 599 3081 nihil
655 3018 698 3081 elt
722 3023 810 3104 quod
833 3044 901 3082 cum
927 3024 1034 3086 Emell

110 3097 173 3161 hoc
196 3099 336 3163 differret
363 3124 379 3163 a
399 3107 499 3183 priori
519 3107 601 3164 docti
653 3117 838 3184 propagatus
854 3110 1036 3186 praeferam

110 3205 145 3241 nc
167 3187 317 3261 sapientes
346 3189 498 3258 hornines;
542 3189 598 3250 sed
654 3188 744 3250 fiism
760 3192 926 3252 duoverbu
938 3192 1036 3275 saepiu

110 3270 222 3330 Cicero
243 3274 383 3350 exprimit
400 3273 487 3345 illud,
512 3275 599 3354 quod
653 3273 762 3335 breriis
779 3275 904 3336 confusa
921 3277 999 3339 sunt.

95 3353 185 3417 ‘olibi
211 3352 253 3416 fic
276 3357 392 3416 dictum
414 3354 473 3432 est3
497 3361 599 3434 siant
697 3356 914 3445 quoniamque]
962 3365 1036 3424 Faer

109 3441 274 3516 philosophi
308 3444 505 3516 imperarent,
546 3455 599 3502 ant
654 3444 827 3525 Molelpina
847 3448 1026 3511 auctoribus

111 3537 290 3600 imperantes
314 3529 598 3605 philosopharentur.
653 3529 716 3589 lom
740 3525 854 3593 addidi.

110 3645 150 3662 .-
197 3605 323 3686 Ernesti.
696 3615 888 3699 deducendo]
936 3619 956 3679 i.
975 3622 1036 3679 αἱ

152 3705 183 3751 et
214 3695 379 3778 temporis]
431 3697 597 3769 Lambinus
653 3699 771 3772 tendo,
811 3721 852 3760 ne
890 3699 946 3762 tibi
981 3724 1036 3784 pre

111 3778 186 3838 eddi
199 3780 326 3841 volebat
338 3783 465 3857 positum
478 3783 527 3843 vel
539 3787 598 3842 col·
653 3802 894 3866 propagaretur.

109 3867 249 3925 locatum.
270 3865 401 3928 Frustra.
434 3870 466 3926 st
483 3879 513 3925 et
524 3879 597 3926 tem·
697 3869 727 3926 in
742 3872 785 3926 his
802 3870 939 3953 tuendis]
984 3874 1036 3933 Vu

108 3952 192 4023 poris
206 3968 272 4009 non
294 3949 456 4013 addidisset
473 3952 597 4029 Cicero,
653 3953 698 4009 his
728 3955 882 4012 honoribus
912 3963 1036 4020 tuendis.

108 4052 204 4096 nemo
217 4031 367 4099 haeliss'et.
411 4031 540 4117 Ernesti.
655 4052 759 4100 autem
788 4040 960 4126 elegantius
990 4062 1036 4106 ou
