2506 4808
148 330 213 396 un
394 300 673 373 aetsroua
715 298 937 370 cxxxn.

149 496 224 563 inm
239 499 312 561 eins
326 505 557 581 praetextam,
573 510 674 574 quana
696 500 772 555 erat
786 486 936 577 adeptus
956 486 1115 556 Caesare
1127 508 1188 555 eon

150 596 240 669 lule,
277 615 401 681 magno
423 592 597 659 hominum
621 589 690 658 risu
710 591 900 659 cavillatus.
960 589 1113 682 „Quod
1137 608 1188 654 not

151 698 244 772 vult,
264 702 418 781 inquam,
438 713 604 758 renovare
627 690 776 758 honores
800 690 966 766 eosdem,
998 712 1076 777 quo
1091 695 1187 755 minna

151 813 267 889 togam
282 807 494 886 praetextam
510 798 689 877 quotannis
704 792 911 881 interpolet,
933 793 1189 859 decernendum

151 899 240 970 nihil
253 899 393 973 censeo.
436 896 510 961 Vos
534 908 646 959 autem
671 891 827 961 hominen
850 895 1015 969 nobiles,
1042 898 1104 979 qni
1123 891 1189 959 But·

151 1023 276 1071 renum
291 1010 541 1089 praetextatum
555 1018 625 1062 non
643 995 822 1068 ferebatis,
844 1000 1134 1085 Commagenum
1152 995 1189 1061 fe

151 1101 290 1171 retis?“
319 1100 435 1165 Genus
458 1098 571 1172 vides,
601 1110 635 1163 et
654 1098 769 1162 locum
788 1096 938 1162 iocandi.
987 1096 1113 1163 Multa
1130 1095 1188 1163 dixi

151 1212 190 1275 in
210 1202 393 1291 ignobilem
415 1221 547 1286 regem:
571 1202 692 1283 quibus
711 1211 808 1264 totus
830 1196 878 1264 eit
892 1197 1077 1286 explosus.
1122 1196 1187 1289 Quo

148 1326 281 1396 genere
296 1313 488 1367 commotus
513 1303 574 1382 (ut
588 1301 680 1383 dixi)
693 1299 847 1388 Appius,
865 1310 983 1365 totum
1000 1322 1062 1366 me
1080 1298 1188 1387 ample

150 1418 266 1473 uratur·
297 1400 390 1467 Nihil
405 1399 452 1465 eit
466 1406 554 1465 enirn
571 1401 722 1475 facilius,
742 1416 841 1483 quarn
854 1398 992 1485 reliqua
1008 1402 1187 1469 discutere

153 1506 230 1575 Sed
245 1527 314 1569 non
327 1503 458 1575 faciam,
479 1515 517 1567 ut
532 1500 627 1566 illum
642 1503 827 1577 offendam,
848 1524 892 1568 ne
905 1496 1084 1591 imploret
1098 1501 1188 1568 iidem

153 1609 244 1675 Iovis
264 1603 466 1691 Hospitalis,
505 1604 625 1669 Graios
649 1626 769 1671 omnes
793 1616 984 1679 convocet,
1021 1628 1092 1695 per
1115 1622 1187 1691 quos

153 1729 290 1779 mecum
313 1711 348 1770 in
367 1713 507 1795 gratiam
523 1707 635 1772 rediit.

125 1820 152 1881 2·
260 1804 490 1898 Theopompo
515 1806 769 1873 satisfaciemus.
811 1808 866 1873 De
890 1805 1044 1875 Caesare
1064 1808 1195 1897 fugerat·

152 1931 208 1977 me
225 1907 265 1972 ad
280 1919 315 1976 te
330 1906 487 1974 scribere.
529 1908 640 1975 Video
655 1913 764 1983 enim,
785 1929 868 1991 quas
883 1922 923 1975 tu
940 1910 1072 1977 literas
1090 1908 1191 1999 eripe

154 2016 271 2079 cteris.
312 2008 386 2079 Sed
408 2010 466 2075 ille
489 2008 618 2098 scripfit
640 2012 681 2075 ad
697 2008 859 2085 Balbum,
882 2008 1092 2079 fasciculum
1108 2010 1192 2077 illum

154 2111 385 2202 epistolarum,
408 2118 443 2177 in
461 2136 526 2196 quo
544 2114 654 2177 luerat
670 2125 704 2176 et
720 2134 812 2186 mea,
832 2109 989 2186 etBalbi,
1011 2125 1130 2179 toturn
1145 2110 1191 2175 iti

154 2234 240 2299 aqua
255 2215 428 2278 madidum
444 2214 612 2277 redditum
631 2211 712 2277 elle:
735 2226 830 2278 utne
844 2213 926 2293 illud
943 2217 1095 2296 quidem
1113 2214 1191 2285 sciat,

150 2332 267 2380 ¹meam
286 2313 379 2381 fuisse
400 2314 543 2398 aliquam
571 2308 754 2401 epistolam.
800 2310 872 2379 Sed
887 2335 930 2377 ex
943 2312 1047 2380 Balbi
1064 2313 1192 2405 epistola

154 2434 260 2505 pauca
276 2418 378 2480 verba
392 2414 624 2489 intellexerat,
650 2415 691 2477 ad
708 2435 791 2497 quae
807 2412 972 2500 rescripsit
988 2413 1050 2482 his
1067 2421 1191 2484 verbis:

148 2516 238 2600 „De
259 2515 425 2583 Cicerone
449 2517 601 2583 vidente
622 2512 783 2599 quiddam
803 2513 975 2604 scriplllse;
1018 2517 1117 2603 quod
1140 2538 1192 2608 ego

148 2725 220 2790 ,gno
235 2707 276 2767 ad
291 2704 480 2786 Euphratem
498 2702 643 2784 politum.
700 2706 858 2788 quotannis
875 2705 1061 2783 interpolet,
1084 2709 1193 2782 incola,

153 2795 301 2857 Praetera
332 2789 462 2850 absurde
489 2794 645 2850 diceretur
701 2790 787 2871 quali
813 2806 1007 2870 praetextam
1033 2793 1095 2856 nili
1118 2816 1195 2857 novo

155 2879 310 2959 oppidum
333 2878 364 2935 in
383 2871 548 2953 Zeugmate
563 2873 645 2955 posi·
701 2877 830 2937 decreto
851 2893 1082 2951 renovaretur,
1114 2886 1195 2949 novit

153 2979 241 3035 turn,
273 2962 362 3043 qnod
391 2957 464 3021 ellat
490 2961 644 3042 oppidum
702 2964 869 3042 quotannis
884 2959 1051 3024 coloribus
1072 2968 1196 3027 induce·

154 3052 188 3110 in
213 3048 346 3128 oppido.
701 3065 755 3117 re,
802 3065 936 3120 eamque
963 3044 1024 3107 usu
1054 3048 1196 3112 detritam

198 3135 279 3212 qnod
303 3151 354 3191 nos
375 3129 462 3214 vult]
497 3127 577 3202 Alii,
610 3142 645 3187 ut
700 3128 810 3190 farcire
824 3145 1000 3210 cogeretur.

152 3219 311 3287 Victorius
345 3217 526 3285 ediderunt,
569 3216 646 3291 quod
744 3217 818 3274 nihil
838 3217 1060 3276 decernendum
1083 3220 1198 3305 censen]

145 3306 240 3373 ‚uult;
264 3303 316 3363 alii
339 3305 415 3379 qnod
438 3303 593 3371 nonnuli,
614 3313 645 3357 et
702 3321 739 3361 ex
768 3300 913 3360 laniantia
943 3309 1084 3380 petentia
1109 3311 1199 3370 Com·

123 3440 125 3446 Α
154 3387 219 3451 hoc
239 3386 365 3469 quidem
386 3385 415 3447 se
434 3382 559 3465 prorlua
579 3402 646 3444 non
701 3389 834 3466 magoni.
878 3384 949 3445 Erat
979 3405 1094 3451 autern
1128 3393 1198 3454 haee
1252 3447 1253 3468 p

154 3473 328 3556 intelligere
348 3473 507 3535 Mamurius
526 3467 646 3531 lateba·
699 3474 734 3535 in
757 3468 910 3530 sententiis
930 3467 1122 3551 senatoriis,
1150 3478 1198 3538 nbi
1252 3481 1253 3558 ᾗ

155 3572 215 3622 tur.
258 3553 408 3637 Rescripfi
435 3570 538 3615 autem
564 3555 646 3635 quod
702 3551 779 3615 nihil
797 3558 905 3614 novari
925 3554 1089 3635 placeret,
1114 3563 1200 3623 uitta·
1252 3599 1253 3610 κ

154 3665 208 3703 nus
224 3647 287 3705 nteit
303 3661 466 3709 renovare;
488 3643 544 3698 ie.
559 3638 647 3720 qnod
702 3654 734 3700 ta
764 3635 937 3703 conclusio:
980 3645 1201 3709 decernendum

141 3750 175 3793 -a
195 3728 287 3792 nobit
314 3731 392 3805 petit
416 3726 646 3806 Commagenus
703 3726 779 3783 nitu
801 3726 908 3799 censeo.
946 3721 1076 3793 Manui.

145 3835 226 3888 sax,
250 3811 451 3876 othonorem
467 3824 647 3888 praetextae
748 3803 933 3890 Busrenum]
962 3815 1118 3895 regulum
1137 3820 1202 3881 bu.

155 3903 186 3961 ai
208 3917 414 3968 renovemur,
444 3892 464 3955 s.
483 3913 569 3954 novo
593 3893 646 3952 de·
703 3891 813 3955 barum
846 3893 1023 3962 obscurum.

156 3998 245 4045 creto
289 3979 505 4041 confirmemus
521 4020 531 4050 ,
585 3999 645 4060 quo
747 4001 774 4040 a.
796 3983 833 4036 de
845 3974 1003 4065 Cicerone]
1027 4005 1154 4072 nempg
1167 3987 1203 4050 da

146 4071 252 4130 anitius
296 4078 401 4144 togam
456 4073 647 4140 praetentam
703 4064 837 4146 Quinto.
