2506 4808
171 306 212 374 32
447 286 733 356 EPISTOLA
779 288 923 365 tXCII.

140 466 144 483 ⁵
171 478 395 550 Ammonius,
420 482 507 576 regis
529 476 678 564 legatus,
710 487 826 564 aperte
847 469 1210 570 pecumafnosffoppu-

172 592 264 670 gunt.
309 577 378 642 Res
403 583 518 662 agitur
536 599 600 664 per
620 576 762 640 eosdem
784 577 995 650 creditores,
1013 603 1078 667 per
1100 602 1210 663 quos,

172 702 277 766 quum
294 692 333 744 tu
355 676 493 752 aderas,
513 679 685 765 agebatur.
728 676 831 765 Regis
855 677 965 753 causa,
989 677 1009 746 fi
1030 687 1089 765 qui
1102 680 1209 758 sunt,

552 936 816 951 w

169 1120 254 1167 dum
276 1099 319 1164 esi
339 1104 473 1172 SCtum,
502 1105 659 1165 referente
714 1119 786 1165 ante
799 1101 881 1165 henr
893 1099 1053 1184 epistolam
1068 1108 1089 1165 i.
1105 1125 1135 1166 e.
1152 1124 1207 1168 en·

169 1187 293 1251 consule
311 1189 344 1248 P.
362 1188 516 1261 Lentulo,
537 1205 573 1248 ut
592 1188 658 1250 sor·

167 1278 300 1336 tirentur
321 1271 478 1340 consuler,
513 1288 583 1334 uter
602 1293 657 1334 eo·

168 1378 240 1420 rum
260 1377 369 1440 regem
393 1357 573 1428 reduceret,
591 1361 613 1417 i.
627 1377 657 1420 e.

168 1457 205 1503 ut
226 1445 251 1502 ir
270 1441 449 1513 reduceret,
477 1447 525 1502 cui
549 1441 656 1504 Cilicia

167 1529 329 1610 provincia
359 1523 530 1610 obtigisset,
573 1548 656 1610 quae

168 1610 282 1693 obtigit
314 1610 458 1673 Lentulo.
521 1614 603 1671 Nam
632 1610 656 1672 st

164 1696 307 1757 -Ciliciem
321 1695 468 1755 Lentulus
486 1714 577 1756 antea
592 1695 657 1757 sor-

123 1788 126 1797 '
165 1785 241 1841 titus
258 1777 348 1853 esset,
373 1783 483 1841 coniici
496 1779 605 1860 postea
622 1785 655 1843 in

163 1864 283 1931 sortem
317 1865 531 1925 reductionem
573 1871 654 1948 regis

166 1971 233 2012 nort
248 1954 406 2029 oportuit,
424 1954 542 2031 quippe
557 1971 655 2032 quum

167 2057 205 2096 ea
228 2036 353 2095 Ciliciae
373 2033 568 2114 proconsuli,
587 2039 654 2096 'cui

165 2141 270 2200 prope
293 2123 326 2179 in
353 2117 520 2198 conspectu
551 2123 654 2203 Aegy·

165 2220 238 2284 ptus
265 2201 356 2274 esset,
401 2202 444 2264 ob
474 2203 653 2269 fucultatem

164 2292 210 2349 rei
231 2287 438 2368 perficiendae
453 2288 577 2369 prorsus
598 2289 654 2349 de·

65 2411 67 2419 ν
164 2374 295 2435 serenda
325 2373 490 2435 videretur.
545 2373 654 2454 Hispe-

163 2463 217 2519 nia
232 2480 327 2532 vero,
352 2479 435 2540 quae
456 2459 569 2542 obtigit
583 2460 654 2520 Me·

164 2544 260 2618 tello,
294 2549 383 2604 utin
406 2546 552 2625 Appiano
575 2542 652 2628 legi·

160 2639 248 2700 mus,
270 2624 442 2708 longissime
458 2628 650 2710 nbAegypto

160 2729 301 2782 remota,
325 2716 455 2772 omnino
472 2735 540 2772 cum
560 2714 651 2774 redu·

161 2803 265 2861 ctione
275 2799 354 2878 regis
364 2796 561 2858 Alexandrini
576 2819 652 2859 con·

159 2882 316 2964 iungenda
331 2899 397 2942 non
416 2882 483 2941 suit.
527 2883 648 2944 Exeun-

158 2983 192 3026 te
205 2986 286 3026 auno
302 2985 397 3046 quum
407 2965 553 3028 Lentulus
568 2989 648 3031 non·

713 1204 746 1250 te
766 1189 839 1250 Idus
869 1187 934 1248 lan.
972 1189 1089 1251 factum
1127 1206 1206 1255 erat.

711 1275 853 1334 Tertium
860 1273 976 1333 SCtum
989 1294 1087 1355 quum
1102 1273 1205 1349 fieret,

711 1377 752 1418 ue
775 1363 844 1440 quie
866 1363 994 1419 omnino
1021 1377 1131 1442 regern
1155 1380 1206 1422 re·

712 1442 856 1515 duceret,
879 1443 912 1508 id
934 1441 1040 1522 quod,
1062 1457 1100 1504 nt
1123 1442 1206 1506 haec

711 1529 806 1588 docet
827 1525 973 1606 epistole,
1003 1528 1036 1586 P.
1052 1528 1205 1591 Servilius

711 1611 857 1672 Isauricus
887 1609 1063 1684 censuerat,
1086 1618 1205 1675 inter-

711 1696 822 1758 cell'um
847 1693 906 1769 est,
941 1699 1072 1757 Senatus
1095 1712 1205 1760 temen

709 1781 853 1842 voluutas
883 1779 1049 1862 perscripta
1058 1824 1069 1856 ,
1111 1775 1205 1863 qu'od

709 1865 864 1946 impedito
880 1867 963 1926 sero
984 1865 1055 1926 fieri
1073 1864 1204 1929 solitum

711 1947 771 2024 cll,
800 1965 838 2010 ut
863 1955 1035 2011 memoriae
1056 1951 1205 2014 trudere·

710 2049 778 2107 tur,
800 2050 896 2116 atque
910 2033 1038 2095 exstaret
1050 2040 1086 2096 in·
1096 2036 1203 2116 publi·

709 2125 751 2180 cir
767 2117 897 2191 tabulis,
920 2121 996 2200 quid
1009 2119 1130 2182 senetur
1144 2120 1202 2182 niti

710 2202 870 2266 obsurtffer
898 2203 1088 2278 interceffio,
1108 2205 1202 2287 {fieri

708 2286 859 2351 voluisset.

751 2374 923 2432 Ammonius
945 2375 1026 2452 regis
1054 2373 1201 2459 legatus]

707 2458 788 2520 Nem
805 2457 984 2538 rexaberat,
1000 2462 1083 2540 quia,
1099 2480 1201 2542 quum

704 2541 873 2606 ‘exercitum
899 2542 1036 2626 Sibyllae
1062 2543 1201 2606 versibus

706 2630 914 2700 interdictum,
931 2627 1120 2709 desperaret,
1140 2651 1203 2709 pe-

707 2719 768 2787 tiit,
787 2731 822 2773 ut
840 2735 855 2773 n
875 2714 1048 2794 Pompeio,
1070 2714 1200 2776 duobus

706 2813 826 2858 tantum
849 2797 1008 2858 lictoribus
1025 2803 1198 2874 comitato,

705 2881 925 2944 restitueretur.
969 2883 1066 2963 Quod
1096 2904 1207 2965 quum

703 2987 770 3029 non
796 2964 1002 3052 impetrasset,
1030 2970 1132 3030 verito
1151 2968 1201 3031 se·

159 3052 234 3110 dum
256 3055 287 3111 iu
314 3055 506 3127 provinciam
533 3051 646 3126 ivisset,

156 3155 216 3216 per
243 3137 278 3198 C.
307 3137 462 3198 Catonem
490 3138 647 3205 tribunum
701 3141 831 3197 nimium
862 3152 1047 3220 ungeretur,
1073 3137 1200 3202 abiecta

156 3219 256 3300 plebis
266 3218 388 3281 obiectu
403 3220 519 3283 senatui
533 3224 644 3306 religio
701 3220 772 3300 spe,
796 3219 948 3303 Ephesum
962 3220 992 3282 se
1008 3222 1198 3299 contulerat,

158 3303 211 3377 est,
235 3304 362 3385 prolato
380 3327 398 3365 e
414 3307 567 3389 Sibyllinis
579 3327 646 3367 ver·
700 3307 811 3369 relicto
857 3308 1026 3367 Ammonio
1075 3307 1197 3392 legato.

148 3387 236 3450 sibus
263 3390 409 3463 oraculo,
433 3413 474 3452 ne
499 3413 553 3454 rex
576 3412 647 3453 cum
702 3389 872 3453 Diaceffisse
886 3412 956 3453 eum
973 3390 1011 3451 ab
1025 3391 1112 3463 urbe,
1139 3414 1201 3454 ert-v

155 3474 354 3537 multitudiue
381 3477 600 3551 reduceretur;
623 3471 648 3534 fi
703 3488 735 3536 te
750 3497 842 3556 quem
859 3475 973 3538 tribuni
987 3475 1085 3557 plebis
1095 3484 1197 3561 megi«

155 3557 261 3632 fieret,
303 3560 387 3621 malo
411 3563 539 3641 publico
562 3561 647 3620 sutu-
701 3557 826 3622 stratum
855 3565 984 3635 inirent,
1025 3566 1045 3620 i'.
1070 3581 1197 3624 eante

154 3664 234 3706 rum.
276 3646 505 3706 'semiactum
535 3642 577 3706 est
601 3644 646 3705 al·
700 3643 755 3706 IV.
784 3647 855 3706 ldus
885 3647 962 3706 Dec.
1003 3647 1087 3725 apud
1123 3650 1195 3708 No-

154 3743 256 3789 terum
271 3731 403 3802 SCturn,
425 3732 580 3790 referente
601 3730 644 3789 de
699 3734 785 3791 nium
794 3728 981 3791 Fenestellae
994 3731 1085 3790 rerba
1101 3729 1196 3815 figni-

152 3813 305 3898 religione
313 3814 499 3875 Marcellino
510 3811 642 3887 consule,
698 3812 800 3878 licant.
845 3817 908 3876 Dio
928 3812 1087 3876 discessisse
1102 3814 1196 3900 figni.

152 3919 258 3982 regem
282 3920 351 3960 cum
372 3898 570 3960 multitudine
594 3920 644 3960 re·
698 3896 781 3972 ficet,
802 3919 868 3960 uon
881 3902 981 3960 modo
996 3898 1067 3980 post
1081 3904 1194 3964 initum

126 3976 242 4058 'duci,
276 3980 484 4064 periculosum
512 3988 557 4042 rei
583 4006 642 4064 pu·
699 4005 716 4044 e
746 3985 875 4045 tribunis
904 3986 1003 4065 plebis
1033 3984 1194 4067 magistra·

150 4064 264 4156 blirne,2
272 4069 380 4147 rideri.
430 4069 504 4130 Hoc
525 4071 642 4133 SCtum
698 4084 782 4150 tum,
808 4067 864 4134 sed
884 4069 1191 4159 etiemconsuletum

703 3068 776 3112 natu
787 3095 796 3124 ,
820 3073 860 3114 ne
884 3053 1029 3134 Pompeii
1050 3060 1200 3133 potentie
