2506 4808
337 307 626 379 emenone
667 312 844 383 xcvu.
1064 329 1107 406 to

66 499 188 565 maiori
204 492 272 562 illu
292 494 423 571 fraudi,
442 519 543 581 qnam
564 502 627 565 tibi
647 501 813 570 futurum.
854 497 889 567 A
903 516 957 575 me
973 500 1104 568 nullum

67 612 206 686 tempus
221 604 504 687 praetermittitur
519 601 562 666 de
576 609 644 668 tuis
666 608 768 669 rebus
785 615 819 668 et
838 602 975 688 agendi,
997 618 1031 669 et
1049 627 1105 671 co·

67 700 214 788 gitandi3
250 711 397 782 utorque
422 701 464 763 ad
492 709 606 767 omnia
626 703 670 792 Q
692 703 836 770 Selicio:
871 725 981 786 neque
1011 713 1103 771 enim

64 801 324 888 prudentiorem
346 823 550 884 quemquam
575 825 619 867 ex
639 809 727 877 tuiS,
749 825 860 887 neque
886 800 953 868 fide
976 814 1102 873 maiore

66 900 132 968 effe
153 902 286 977 iudico,
307 924 419 987 neque
440 910 660 970 amantiorem
683 908 743 970 tui.

110 1095 394 1168 EPISTOLA
421 1093 594 1168 XCVII.
646 1093 727 1185 (ad
749 1097 796 1194 Q
813 1099 883 1167 Fr.
912 1100 965 1171 li.
993 1103 1052 1188 2.)

210 1257 276 1320 Ser.
290 1259 415 1322 Romae
430 1262 505 1322 xlv
522 1260 592 1324 Kal.
611 1259 700 1323 Febr.
717 1263 755 1322 A.
769 1260 807 1321 U.
824 1256 859 1321 C.
881 1262 954 1344 697.

65 1405 197 1486 Excusat
219 1415 376 1491 epistolam
397 1437 455 1473 non
467 1415 525 1490 sun
544 1435 633 1471 manu
646 1414 793 1490 scriptam
813 1415 971 1497 rariusque
994 1422 1099 1482 literas

109 1516 150 1572 nd
162 1511 300 1584 fratrem
323 1522 410 1576 datas
437 1537 461 1578 1.
506 1519 543 1574 de
559 1513 679 1574 Lentuli
696 1525 726 1574 et
752 1511 837 1574 Senti
858 1522 1020 1579 nominibus
1035 1528 1100 1584 exi·
1165 1548 1170 1559 ·

71 1696 73 1700 ι
105 1618 210 1694 gendis
231 1629 262 1677 et
284 1613 496 1694 Pomponianis
526 1619 595 1676 inde
620 1611 809 1694 diffolueirdis
829 1637 858 1677 2.
891 1621 928 1676 de
951 1618 1099 1685 Culleonis

106 1721 244 1777 auctione
265 1732 295 1794 5.
340 1725 377 1778 de
394 1719 511 1791 fratris
524 1718 730 1791 aedificatione
746 1715 919 1794 etfuriosne
937 1719 1038 1781 Clodii
1050 1749 1098 1785 ae-

107 1820 236 1877 dilitatis
269 1822 495 1897 exspectatione.
518 1830 548 1902 4.
593 1824 630 1878 de
657 1821 740 1895 cansa
769 1816 933 1881 Ptolemaei
960 1830 1041 1904 regis
1067 1832 1098 1886 in

103 1919 273 1998 Aegyptum
303 1925 462 1982 reducendi
482 1936 512 1999 5.
565 1923 689 1999 denique
711 1918 848 1991 fratrem
872 1933 904 1979 ut
928 1944 1014 2001 quam
1033 1932 1095 2003 pri·

104 2043 185 2081 mum
199 2043 216 2081 e
231 2018 371 2082 Sardinia
383 2028 507 2098 redeat,
532 2034 634 2101 rogat.
657 2024 688 2083 6.

238 2201 475 2273 manens
518 2204 562 2295 o.
606 2200 841 2278 rnnrnr,
885 2203 924 2272 S.

162 2354 243 2423 Non
264 2362 506 2445 occupatione,
528 2378 699 2443 quaeram
716 2355 789 2420 sane
812 2357 1017 2443 impedituS,
1040 2361 1096 2426 sed
1160 2433 1163 2441 ¹

59 2458 200 2544 parvula
224 2457 426 2546 lippitudine
450 2459 616 2525 adductus
640 2457 729 2531 snm,
760 2469 796 2521 ut
816 2458 983 2522 dictarem
1007 2459 1094 2527 hanc

42 2556 265 2644 epistolam„
274 2571 308 2621 et
331 2581 418 2632 non,
440 2572 479 2624 ut
495 2561 536 2623 ad
552 2573 586 2623 te
605 2559 709 2632 soleo,
729 2557 797 2647 iple
816 2556 1006 2623 scriberem.
1051 2563 1097 2627 Et

59 2665 208 2746 primum
233 2681 287 2721 me
309 2661 371 2722 tibi
392 2657 515 2723 excuso
535 2665 570 2723 in
589 2681 629 2723 eo
652 2657 738 2746 ipso,
763 2665 883 2741 inquo
905 2670 939 2722 te
963 2660 1065 2725 accus
1085 2706 1094 2725 .

58 2757 119 2823 Me
135 2764 224 2823 enim
242 2757 352 2823 adhuc
370 2781 471 2824 nemo
485 2765 633 2847 rogavit,
656 2761 835 2843 numquid
852 2766 887 2824 in
900 2757 1096 2826 Sardiniam

59 2857 202 2943 vellem3
224 2873 258 2925 te
274 2876 356 2948 puto
379 2859 475 2950 saepe
495 2859 638 2934 habere,
660 2865 734 2943 qui,
756 2882 840 2925 num
856 2860 937 2945 qnid
952 2860 1097 2928 Romam

58 2959 166 3036 velis,
191 2975 365 3046 quaerant.

443 3113 715 3132 *ιι-ιι-

100 3236 238 3322 maiore]
259 3240 311 3300 Sic
338 3254 467 3300 anctore
493 3240 548 3300 Er·
605 3233 648 3297 eit
669 3240 828 3312 ineptum3
858 3237 1038 3323 delevitque
1060 3245 1095 3309 P.

55 3322 156 3386 nel'tio
172 3325 462 3405 scribendumgemm
482 3345 548 3388 non
603 3323 781 3390 Manutius,
801 3324 889 3401 quod
904 3331 936 3386 in
946 3327 1014 3388 ΜΠ.
1029 3331 1097 3409 plu·

56 3404 374 3492 utvnigornaiorem.
595 3409 687 3467 'ribus
721 3424 788 3464 non
825 3427 992 3487 repererat.
1036 3414 1094 3477 Ed.

100 3493 191 3573 Epist.
207 3495 335 3554 xcvit.
383 3514 407 3552 ι.
433 3495 462 3551 in
478 3487 545 3550 Sar·
602 3493 696 3552 Rom.
717 3488 759 3548 tic
774 3488 883 3552 habet:
904 3507 934 3554 te
951 3510 1025 3573 puto
1043 3501 1097 3575 etsi

55 3579 184 3662 diniam]
208 3578 259 3637 ubi
276 3595 341 3637 tum
360 3575 462 3637 adhuc
480 3597 546 3638 ver·
602 3599 660 3635 non
679 3579 815 3652 semper,
831 3578 924 3653 saepe
943 3594 1024 3640 certe
1044 3585 1094 3642 lia·

53 3663 177 3725 sebatur
201 3664 353 3743 Quintus,
375 3660 434 3721 five
457 3667 489 3722 in
509 3683 546 3722 re
603 3665 687 3734 bere,
720 3659 828 3737 paullo
855 3666 975 3727 melina.
1032 3668 1096 3729 Sed

54 3750 255 3810 hurnemann
283 3750 425 3826 Pompeii
462 3747 548 3830 lege·
602 3748 780 3809 Manutinnt
802 3743 894 3807 secuti
917 3749 1035 3822 sumna,
1058 3774 1096 3812 ex

53 3831 296 3904 tus,fivenline
317 3834 477 3894 cuiusdam
492 3852 547 3894 ne·
603 3837 688 3895 cuiue
719 3837 915 3892 correctione
942 3835 1094 3897 obest-eb

55 3923 133 4003 gorii
154 3916 251 3978 ceos.
602 3917 653 3977 ed.
690 3917 759 3977 Ala.
796 3922 926 3998 nepotis
963 3925 1093 3985 maiore.
1143 3965 1146 3972 -

91 4005 183 4080 saepe
197 3999 323 4085 habere]
347 4001 472 4084 Vulgeti
491 4002 547 4062 ed·
603 3995 730 4076 Ernesti.

54 4085 149 4150 dont:
171 4088 224 4164 etfi
238 4107 296 4145 non
303 4092 423 4163 semper
429 4108 444 4163 ς
454 4087 547 4171 quod

91 4204 149 4259 cie.
169 4206 240 4272 epp.
264 4205 339 4256 Tem.
358 4204 401 4259 ll.
948 4180 984 4248 D
