2506 4808
133 315 198 401 296
410 308 696 381 EPISTOLA
737 306 903 382 thv.'
981 356 984 361 -

133 505 271 579 videro,
291 513 349 567 aut
370 497 498 567 ibidem
515 506 691 589 opperiar,
713 511 771 566 aut
786 522 842 565 me
861 498 905 565 ad
925 502 1173 579 reconsutam,

134 620 175 672 ut
194 620 232 672 tu
253 605 386 671 scribis:
424 600 470 667 fin
493 600 555 666 ista
577 608 791 674 evanuerint,
821 600 947 685 aliquid
970 602 1068 667 aliud
1091 604 1172 671 vida·

135 712 258 781 bimus,
301 706 453 771 Omnino
470 701 580 769 adhuc
597 702 681 768 nihil
695 700 778 767 mihi
794 700 1012 789 significatis,
1027 701 1089 769 nili
1099 704 1169 773 'dia-

137 810 289 876 'cordiam
310 806 468 871 istorum:
503 827 586 889 quae
606 818 720 873 tamen
743 809 835 867 inter
861 824 922 869 eos
943 804 991 869 de
1013 806 1165 873 omnibu

135 915 251 1000 potius
270 908 375 971 rebus
392 905 457 979 est,
480 927 580 987 quam
604 907 646 971 de
661 928 728 971 me.
771 904 905 988 ltaque,
927 905 1011 990 quid
1032 928 1072 973 ea
1089 904 1162 975 min

135 1007 261 1099 proiit,
286 1007 408 1071 nescio.
478 1004 549 1072 Sed
571 1020 705 1081 tamen,
738 1006 850 1091 quoad
875 1028 932 1073 me
954 1028 1019 1074 voe
1041 1006 1158 1099 sperare
1201 1044 1205 1079 a

137 1111 260 1183 vultis,
282 1111 381 1175 vobis
405 1110 658 1193 obtemperabo.

108 1238 129 1289 ἡ
220 1209 307 1274 Nam
329 1208 419 1292 quod
443 1230 497 1271 me
513 1221 582 1271 tam
605 1208 716 1296 saepe,
738 1218 862 1272 ettam
877 1204 1098 1275 vehementer
1107 1210 1150 1275 ola·

137 1317 273 1400 surgas,
299 1323 333 1374 et
357 1316 471 1374 animo
491 1307 630 1376 infirmo
654 1309 719 1374 esse
741 1309 846 1373 dicis:
875 1310 1016 1392 quaeso,
1038 1310 1147 1397 ecquos

138 1427 271 1477 tantum
293 1409 418 1474 malum
445 1408 510 1483 ost,
536 1410 627 1495 quod
650 1416 686 1474 in
708 1430 782 1474 mea
804 1408 995 1477 calamitate
1014 1436 1082 1481 nou
1099 1410 1145 1481 sits

139 1521 255 1599 ecquis
278 1533 438 1596 umquam
455 1522 524 1573 tam
540 1533 583 1577 ex
598 1511 709 1601 amplo
724 1511 828 1583 statu,
847 1522 917 1575 tam
939 1518 977 1577 in
993 1517 1080 1582 bona
1090 1536 1144 1583 cau·

138 1616 189 1692 sa,
219 1620 322 1680 tantis
344 1611 561 1680 facultatibus
583 1618 727 1701 ingenii,
757 1609 900 1687 consilii,
929 1622 1071 1702 gratiae,
1093 1630 1145 1683 tau·

139 1724 184 1782 tis
203 1714 371 1805 praesidiis
387 1716 557 1778 bonorum
579 1719 732 1777 omnium
752 1714 924 1779 concidit?
945 1718 1072 1805 possum
1086 1717 1144 1785 obli·

99 1848 101 1853 ·
136 1817 233 1892 visci,
258 1822 315 1901 qui
336 1812 482 1882 suarim?
505 1837 576 1879 non
600 1813 740 1887 sentire,
765 1819 822 1897 qui
842 1812 925 1878 sim?
949 1840 1018 1901 quo
1039 1840 1144 1885 caream

134 1914 293 1984 honore?
316 1938 381 2001 qua
394 1912 525 2005 gloria?
548 1918 669 2000 quibus
686 1910 826 1978 liberis?
853 1918 978 1999 quibus
1000 1916 1144 1989 fonuuicl

136 2042 203 2104 quo
224 2017 352 2084 fratre?
386 2037 486 2100 quem
509 2039 574 2104 ego
606 2022 666 2100 (ut
688 2038 816 2081 novum
840 2016 1042 2087 calamitatis
1063 2040 1144 2111 genu

136 2119 315 2199 attendas)
340 2139 442 2199 quum
457 2117 565 2205 pluris
591 2119 758 2190 facerem,
782 2139 882 2200 quam
895 2142 952 2185 me
968 2122 1073 2209 ipsum
1086 2123 1143 2189 sen

134 2240 264 2308 perque
283 2215 451 2292 fecissem,
470 2224 588 2291 vitavi,
608 2240 652 2282 ne
674 2219 842 2292 viderem,
865 2243 908 2286 ne
932 2235 991 2288 aut
1011 2222 1095 2291 illius
1110 2222 1142 2290 la·

137 2331 251 2391 ctum,
286 2318 539 2403 squaloremque
560 2317 761 2404 aspicerem,
800 2333 857 2388 aut
880 2346 954 2399 me,
991 2348 1088 2411 quem
1106 2324 1147 2395 iia

135 2418 405 2486 florentissimum
428 2420 630 2503 reliquerat,
653 2421 824 2507 perditum
842 2422 908 2498 illi,
931 2424 1148 2513 adflictumque

134 2521 309 2587 offerrem.
358 2522 463 2587 Mitto
492 2531 605 2584 cetera
637 2521 872 2588 intolerabilia.
921 2527 1060 2593 Etenim
1087 2526 1149 2595 seu

138 2625 320 2713 impedior.
362 2621 429 2684 Hic
450 2635 566 2684 utrum
588 2621 728 2687 tandem
746 2622 817 2690 sum
832 2625 1060 2705 accusandus,
1078 2626 1149 2715 qual

136 2726 257 2808 dolam
277 2746 340 2793 an,
362 2719 454 2803 qnod
470 2721 638 2798 commisi,
659 2737 697 2790 ut
712 2722 795 2790 haec
812 2741 953 2793 autnon
969 2736 1151 2803 retinerent,

136 2821 372 2912 (quodiacile
395 2819 525 2896 fuisset,
544 2821 603 2888 nisi
627 2831 718 2893 intra
739 2835 887 2919 parietes
908 2854 1008 2900 meos
1033 2834 1076 2901 de
1094 2852 1152 2903 uua

515 3051 788 3073 -α-ιι-

37 3205 42 3213 ’
136 3221 210 3269 tam.
246 3207 375 3268 Plurimi
395 3214 475 3269 enim
492 3204 623 3269 habent:
681 3213 868 3276 Ciceronem
890 3219 1053 3293 invitarat,
1084 3216 1155 3281 sitit

41 3320 44 3325 ·
136 3292 623 3369 adteconferom‚finuttrascri·
680 3300 812 3359 fundum
828 3298 914 3361 suum
929 3323 1026 3383 quem
1038 3303 1157 3367 habebis

135 3381 196 3449 his,
212 3380 393 3436 evanuerint.
420 3380 525 3458 Quum
542 3383 624 3438 enim
679 3387 712 3444 in
726 3385 823 3462 Epiro
840 3391 1077 3471 commigraret,

133 3463 625 3545 Atticusomniacolligeret,quae
725 3469 869 3553 istorum]
902 3472 1066 3553 Pompeii,
1097 3470 1159 3534 Clo·

135 3549 280 3609 Ciceroni
300 3547 386 3629 spem
407 3550 510 3608 iacere
527 3563 625 3628 :pote-
682 3551 727 3611 dit
744 3569 776 3615 et
791 3555 917 3615 Gabinii
930 3562 1018 3620 cuiue
1032 3558 1159 3621 sasccait

134 3648 215 3706 rant,
228 3652 294 3693 non
303 3649 428 3712 poterat
439 3633 508 3692 sane
518 3638 546 3693 ei
556 3631 626 3692 scri·
682 3638 817 3699 tumultu
833 3638 900 3700 sunt
913 3641 1024 3717 fracti,
1047 3662 1077 3706 et
1095 3648 1161 3705 ictu

133 3715 221 3789 bere,
244 3717 273 3777 se
288 3722 435 3778 vererine
451 3723 550 3778 omnis
570 3715 625 3778 ista
681 3721 748 3802 ipse
757 3724 852 3786 Orat.
867 3726 967 3791 inPis.
982 3749 1011 3790 c.
1029 3751 1059 3812 7.
1097 3725 1162 3789 Cor·

133 3800 202 3884 spes
212 3802 413 3865 evanesceret.
438 3804 502 3864 Sed
519 3803 624 3876 rerba,
682 3811 748 3867 rod.

136 3899 168 3946 ut
182 3898 213 3946 tu
230 3889 344 3963 scribis,
364 3885 515 3968 aptissime
529 3903 628 3948 trans·
727 3913 756 3954 2.
778 3895 833 3969 m'fi
848 3896 928 3953 intra
944 3898 1102 3985 parietas]
1118 3896 1173 3963 leil·

134 3989 297 4052 ponuntur
319 3974 359 4033 ad
376 3977 485 4053 priora
506 3972 557 4032 illa
579 3995 627 4031 me
683 3975 723 4037 ab
747 3983 897 4042 amiciret
917 3982 1128 4050 familiaribus
1143 4000 1175 4049 ut

135 4063 176 4119 aa
190 4069 219 4119 te
236 4056 399 4129 conferant.
410 4058 529 4119 Atticus
544 4063 628 4120 enim
683 4061 875 4139 Hortensio,
918 4068 1018 4133 Arrio
1038 4088 1102 4137 ato.
1144 4086 1178 4135 ut
