2506 4808
314 302 600 374 aristote
651 249 828 376 'exara
998 266 1108 382 ‚aar

58 485 159 571 ru'nt'3
184 515 248 576 qua
268 498 442 580 pactione,
460 486 620 582 epistolae
645 503 860 563 committe-re
880 518 949 562 non
966 498 1085 564 audeo.

54 595 242 682 Pompeius
259 597 390 668 fremit,
413 601 587 678 queritur,
605 595 737 665 Scauro
759 598 884 664 studet:
903 596 958 662 sed
971 611 1087 666 utrum

60 697 197 768 fronte,
232 717 274 758 an
301 709 434 768 mente,
465 696 650 764 dubitatur.
715 695 813 786 ἐξοχῆ
840 705 875 764 in
901 699 995 765 nullo
1028 699 1086 767 est.

60 797 206 862 Pecunia
230 802 382 861 omnium
401 798 601 884 dignitatem
632 813 804 884 exaequat.
859 799 995 867 Messala
1019 799 1089 867 lau-

62 913 159 987 guet:
182 921 252 963 non
274 921 340 983 quo
363 910 419 962 aut
438 904 567 965 animus
589 899 688 976 deit,
708 916 765 967 aut
781 907 893 968 amici:
912 902 968 968 sed
985 908 1088 969 coitio

63 1000 253 1076 consulum,
289 1014 322 1066 et
342 999 522 1088 Pompeius
546 1001 679 1067 obsunt.
740 1005 788 1068 Ea
811 1008 967 1079 comi-tia,
1002 1017 1088 1092 puto

60 1105 152 1179 fore,
184 1118 222 1170 ut
247 1105 424 1170 ducantur.
467 1101 658 1169 Tribunicii
685 1106 854 1169 candidati
881 1111 1035 1171 iurarunt
1056 1103 1088 1169 se

62 1207 203 1270 arbitrio
219 1207 359 1272 Catonis
375 1198 565 1291 petituros.
597 1202 703 1293 Apud
718 1196 795 1272 eum
810 1204 899 1272 H·S
920 1211 1090 1295 quingena

63 1307 306 1396 deposuerunt;
331 1319 388 1380 ut,
411 1311 467 1389 qui
481 1305 640 1371 aCatone
654 1307 832 1373 damnatus
847 1304 944 1381 esset,
964 1307 999 1370 id
1013 1328 1090 1395 per·

64 1410 181 1483 deret,
202 1423 236 1474 et
258 1409 544 1496 competitoribus
568 1411 788 1475 tribueretur.
831 1408 924 1473 Haec
942 1428 1005 1496 ego
1024 1412 1091 1495 pri·

63 1509 343 1582 die-scribebam,
378 1527 477 1592 quam
499 1513 635 1573 comitia
654 1510 733 1575 fore
762 1513 976 1600 putabantur.
1019 1508 1091 1575 Sed

64 1614 107 1678 ad
122 1626 155 1678 tc
170 1631 195 1678 v
206 1611 272 1676 kal.
289 1608 386 1675 Sext.
404 1608 423 1672 fi
438 1611 526 1675 sacta
541 1625 657 1686 erunt,
677 1625 712 1677 ct
727 1612 918 1677 tabellarius
940 1633 1010 1676 non
1026 1614 1092 1675 crit

64 1716 258 1803 profectam,
280 1725 351 1775 tota
364 1718 501 1776 comitia
516 1711 739 1799 perscribam:
765 1735 847 1797 quae
864 1711 901 1786 sr,
921 1724 958 1775 ut
973 1723 1091 1799 putan·
1111 1725 1114 1734 '

64 1830 139 1890 tur,
164 1821 308 1904 gratuita
323 1814 465 1890 fuerint3
485 1813 562 1900 plus
587 1833 675 1877 unus
692 1813 779 1877 Cato
800 1819 966 1903 potuerit,
989 1835 1091 1898 quam

65 1938 183 1981 omnes
200 1915 335 1999 quidem
349 1913 490 1978 iudices.
525 1911 661 1978 Messius
677 1914 926 1979 defendebatur
944 1937 963 1978 a
979 1917 1090 1988 nobiS,

66 2017 268 2106 ‚elegatione
292 2027 484 2082 revocatus.
528 2013 614 2110 Nam
634 2035 710 2078 eum
727 2013 858 2080 Caesari
878 2015 1007 2111 legarat
1020 2015 1093 2106 Ap-

444 2240 712 2256 m

98 2382 232 2467 fremit]
259 2381 302 2445 ob
330 2386 553 2465 pactionem·
607 2383 687 2442 orat.
736 2404 797 2464 pro
845 2386 927 2455 Sext.
978 2392 1092 2465 cqq7.

67 2469 240 2529 consulibus
263 2490 332 2527 cum
349 2470 502 2528 Memmio
522 2482 553 2528 et
608 2462 729 2524 Manat.

66 2555 209 2614 Domitio
232 2555 354 2614 saetam.
382 2550 450 2632 lpse
470 2556 552 2613 enim
650 2552 827 2636 dubitatur]
876 2556 951 2634 quin
999 2549 1093 2635 saepe

66 2641 184 2699 Scauro
213 2636 331 2710 studet,
360 2635 553 2698 consulatum
608 2643 742 2700 animum
764 2637 900 2699 occultat
928 2636 1093 2713 simulatio·

66 2729 195 2805 petenti.
238 2724 349 2782 Studet
365 2740 465 2782 autern
487 2743 553 2782 nou
607 2727 652 2784 nia
669 2727 883 2807 integumento
902 2724 973 2783 Vid.
995 2743 1045 2802 ep.
1062 2743 1092 2803 9.

67 2825 130 2870 tam
183 2807 227 2868 ob
284 2829 353 2867 eam
405 2806 552 2877 causam,
607 2824 638 2869 et
660 2806 730 2868 sane
753 2810 793 2869 ud
815 2827 983 2869 extremum
1000 2809 1094 2868 Porn-

55 2898 140 2975 ·'quia
185 2895 317 2952 Scaurus
370 2889 455 2952 bello
493 2896 553 2951 Mi·
605 2891 1092 2975 peiuaScaurumabiecitlibdsl.
1194 2962 1207 2974 η

66 2978 233 3039 abcidatico
289 2975 433 3058 quaestor
488 2983 552 3036 cius
607 2979 647 3040 ad
665 2979 941 3058 Quintum-Fuep.
960 2981 990 3042 8.
1012 2975 1093 3056 (hui.

66 3065 189 3134 suerat,
233 3077 266 3121 ut
304 3068 463 3140 Appianuc
499 3062 552 3122 sib.
608 3064 771 3144 ed.159.)
814 3059 934 3123 Manat.

68 3145 212 3208 Antioch.
229 3162 260 3206 et
277 3145 425 3224 Iosephus
460 3147 553 3210 tibi.
649 3148 734 3221 ἐξοχὴ
755 3151 785 3204 in
806 3153 886 3208 nullo
909 3145 971 3231 est]
998 3164 1094 3209 nemo

68 3235 110 3292 de
135 3233 221 3292 bello
250 3232 317 3291 sud.
341 3232 554 3303 tradiderunt,
608 3253 685 3314 prae
708 3237 815 3294 ceteris
834 3252 1029 3319 magnopere
1046 3253 1097 3292 ex·

67 3317 120 3378 sed
160 3323 251 3376 etiam
298 3320 370 3394 quia
413 3315 553 3375 sororem
608 3315 700 3379 cellit.
1173 3321 1176 3325 '

54 3407 133 3462 eiua
180 3401 341 3460 Aemiliam
388 3402 554 3479 Pompeius
652 3424 687 3460 ea
706 3397 848 3485 comitia]
870 3403 951 3463 Puto
972 3405 1097 3463 comitia

69 3486 221 3548 habuerat
268 3490 299 3544 in
337 3489 555 3558 matrimonio,
610 3487 779 3549 consularia
810 3486 937 3546 dilatum
967 3492 1014 3549 iri.
1058 3488 1098 3547 Et

70 3573 111 3632 de
169 3591 233 3651 quo
285 3569 464 3630 Plutarchus
523 3576 556 3631 in
610 3569 1098 3644 verehocannonuliasuerunt,

52 3657 153 3716 -Sulla
193 3671 224 3715 et
255 3656 419 3732 Pompeio.
484 3656 557 3716 Erat
613 3655 666 3717 sed
683 3655 820 3718 conlblea
834 3660 904 3717 anui
919 3660 1099 3737 proximiex

72 3758 175 3802 autem
217 3739 267 3799 hic
306 3741 346 3798 ad
387 3742 558 3820 petendum
611 3747 791 3824 interregno
812 3747 916 3802 creati.
1122 3746 1125 3751 ’

72 3825 264 3887 consulatum
303 3827 420 3884 Scauro
459 3825 560 3908 iegiti·
657 3823 805 3908 Messius]
840 3831 864 3886 is
887 3826 1014 3906 dequo
1037 3826 1100 3888 Att.

71 3933 139 3972 mus
173 3931 277 3969 annua.
328 3911 441 3969 Fuerat
477 3915 560 3969 enim
612 3911 667 3973 IV.
689 3937 712 3973 ι.
733 3909 816 3989 (bui.
832 3913 880 3973 ed.
902 3931 951 3991 ep.
967 3911 1039 3987 87.)
1073 3924 1081 3933 '

72 4013 201 4077 praetor
229 3995 355 4054 biennio
387 4010 458 4054 ante
482 3997 560 4054 Len·
656 3994 825 4079 revocatus]
848 3998 1006 4057 Manutius
1022 3993 1105 4056 arbi·

74 4082 140 4142 tulo
199 4096 230 4140 et
278 4078 424 4161 Philippo
487 4076 560 4141 cols.
615 4095 815 4144 turtureum
845 4080 1018 4144 abamicit
1048 4094 1106 4145 aut
