2506 4808
136 332 200 405 m
388 287 669 387 urlsrotu
706 299 927 387 oixxv..

183 514 463 589 urrsrom
502 514 695 605 mxxv,
736 484 965 609 (ad'oiv.
1004 517 1068 588 11.
1098 517 1155 608 5.)

296 725 304 745 .
391 682 512 760 Scripta
533 679 657 741 Romae
679 681 717 741 A.
728 679 769 741 U.
787 679 824 741 C.
847 699 930 758 700.

138 834 266 921 Questus
286 833 324 891 de
346 832 468 906 publicis
490 835 576 890 malis
600 829 726 897 Curioni
745 836 951 910 gratulatum·
975 836 1074 914 quod
1092 854 1128 891 ea
1145 854 1192 892 nou

182 938 301 1008 videat,
324 944 354 993 et
377 944 408 990 ut
429 955 570 1011 inagnum
592 934 622 992 iri
638 936 793 1010 provincia
808 937 935 994 laudem
950 937 1018 1012 sibi
1040 957 1191 1013 compara·

180 1048 261 1113 iam,
283 1047 418 1108 tueatur,
447 1035 671 1121 incredibilique
694 1037 845 1096 hominum
863 1039 1108 1114 exspectationi
1125 1038 1192 1115 satis

171 1136 285 1211 saciat,
300 1141 448 1209 hortatur.

189 1321 248 1388 M:
271 1319 317 1387 T.
342 1314 547 1384 CICERO
576 1319 625 1385 C·
657 1318 910 1395 CURIONI,
947 1322 999 1388 S.
1026 1323 1067 1388 P.
1087 1324 1142 1389 D.

243 1472 336 1539 Haec
358 1477 493 1558 negotia
517 1472 690 1556 quomodo
713 1470 745 1538 se
769 1470 934 1546 habeant,
971 1497 1025 1541 ne
1051 1476 1186 1563 epistola
1222 1482 1224 1489 '

138 1575 273 1661 quidem
288 1594 423 1640 narrare
441 1572 559 1637 audeo.
605 1570 704 1648 Tibi,
727 1571 782 1639 etii
792 1620 802 1650 ,
824 1577 1045 1660 ubicumque
1062 1599 1102 1642 es
1132 1582 1186 1662 (ut

137 1674 245 1763 scripit
261 1678 303 1739 ad
319 1688 353 1741 te
367 1679 478 1757 autea)
492 1681 528 1738 in
545 1676 662 1739 eadem
678 1697 714 1742 es
731 1682 824 1741 navi:
845 1689 962 1741 tamen
977 1680 1080 1763 quod
1097 1681 1186 1754 abes,

138 1777 309 1865 gratu10r3
332 1775 385 1841 vel
407 1782 484 1858 quia
506 1799 574 1841 uon
598 1777 692 1842 vides
717 1799 773 1851 ea,
794 1798 878 1860 quae
899 1800 991 1861 nos;
1017 1781 1078 1847 vel
1099 1766 1185 1865 quod

138 1881 281 1951 excello.
308 1891 341 1942 et
355 1875 474 1944 illustri
488 1877 566 1943 loco
584 1876 640 1942 fita
655 1878 693 1942 fit
705 1877 777 1944 laus
797 1892 872 1954 tua,
894 1885 931 1947 in
947 1880 1184 1967 plurimorum

138 1993 173 2048 et
197 1979 384 2053 sociorum,
412 1991 446 2043 et
470 1984 593 2044 civium
616 1979 817 2067 conspectu3
848 2003 932 2065 quae
955 1983 1004 2047 ad
1029 2006 1101 2050 nos
1125 2006 1183 2048 neo

138 2081 302 2155 obscuro,
326 2103 390 2145 neo
407 2084 500 2144 vario
525 2079 698 2154 sermone,
717 2080 773 2146 sed
790 2094 824 2146 et
837 2081 1038 2159 clarissima,
1061 2099 1102 2151 et
1122 2106 1184 2151 une

137 2187 289 2268 omnium
304 2203 387 2247 voce
403 2183 588 2269 perfertur.
619 2185 730 2245 Unum
748 2180 832 2250 illud
850 2181 986 2256 nescio,
1010 2187 1184 2273 gratuler·

53 2330 59 2340 .
135 2305 180 2350 ne
203 2285 282 2355 tibi,
305 2304 347 2349 en
368 2287 524 2355 timeam,
548 2283 636 2366 quod
657 2284 817 2351 mirabilis
836 2282 882 2347 est
896 2283 1119 2372 exspectatio
1139 2311 1185 2353 re·

137 2384 229 2450 ditus
250 2388 319 2466 tui;
343 2404 410 2448 non
432 2404 651 2464 queremur,
672 2407 716 2450 ne
739 2397 797 2450 tua
812 2391 918 2451 virtus
939 2395 1110 2474 opinioni
1131 2389 1184 2455 ho·

135 2491 266 2552 minum
285 2508 355 2548 uon
373 2482 591 2568 respondean
614 2483 667 2575 sed
684 2485 888 2556 mehercule,
912 2509 972 2561 ne,
1001 2511 1117 2573 quum
1135 2514 1184 2556 ve·

133 2594 247 2659 neris,
274 2607 344 2650 non
367 2583 491 2649 habeas
513 2592 599 2659 iam,
632 2588 722 2669 quod
744 2609 861 2666 cures-3
893 2593 941 2652 ita
961 2587 1046 2657 sunt
1069 2599 1186 2660 omnia

136 2687 307 2756 debilitata
332 2698 365 2752 et
387 2708 497 2772 prope
516 2692 584 2750 iam
609 2686 782 2752 exstinctu.
825 2687 894 2752 Sed
917 2686 1006 2754 haec
1031 2692 1109 2781 ipsa
1134 2717 1186 2760 ne·
1252 2677 1253 2712 ³

44 2782 46 2786 Α
134 2789 219 2861 fcio,
240 2801 377 2852 rectene
401 2784 462 2850 smt
483 2788 590 2852 literis
615 2787 795 2880 commissa.
840 2785 953 2879 Quare
981 2806 1108 2860 cetera
1134 2821 1184 2863 co·

135 2889 275 2984 gnoioes
292 2910 334 2954 ex
352 2885 437 2951 aliis,
481 2885 540 2955 Tu
559 2901 689 2961 tamen,
712 2887 775 2954 five
792 2887 896 2953 habes
911 2889 1072 2975 *aliquam
1091 2897 1185 2986 spem

136 2981 177 3055 de
197 2988 402 3074 republica,
426 2986 490 3056 five
506 2987 677 3076 desperas:
699 3011 850 3078 euporo,
875 2993 1070 3071 meditare,
1097 3007 1187 3089 cogi-

134 3105 185 3166 ta,
206 3112 290 3175 quae
314 3088 435 3154 esseio
458 3113 498 3154 eo
523 3096 606 3163 civi,
633 3112 669 3154 ac
689 3099 761 3156 viro
785 3093 932 3165 debent,
955 3103 1018 3177 qui
1045 3089 1088 3167 fit
1112 3125 1187 3167 rem

133 3191 305 3283 publicam
330 3188 502 3263 afflictum,
526 3202 559 3255 et
580 3190 764 3278 oppressam
789 3193 915 3258 miseris
940 3208 1188 3287 temporibus,

136 3318 175 3359 ao
195 3293 338 3380 perditis
362 3294 535 3365 moribus,
556 3292 592 3357 in
616 3305 769 3360 veterem
792 3294 996 3381 dignitatem
1018 3323 1061 3368 ac
1085 3306 1189 3375 liber·

133 3408 239 3466 tatem
276 3392 522 3459 vindicaturus.

521 3574 789 3590 m

176 3672 269 3753 Epist.
290 3675 443 3733 CLXXV.
488 3675 518 3728 iu
533 3674 623 3744 -so-
674 3674 808 3759 stinctae]
839 3677 1099 3747 Concinniorem
1124 3713 1191 3753 vet·

135 3781 248 3818 crorum
271 3772 300 3816 et
321 3763 430 3815 civium
450 3757 624 3837 conspectu]
682 3761 795 3819 borum
819 3762 962 3823 ordinem
996 3788 1077 3832 cum
1104 3779 1193 3838 Mur-

132 3864 250 3922 nempe
268 3850 299 3904 in
318 3842 404 3913 ufir«,
426 3849 457 3900 in
481 3863 543 3920 qua
562 3843 625 3899 Cu-
682 3851 746 3928 tyni
767 3878 778 3894 -
801 3847 926 3928 Legum
977 3853 1192 3922 restituimus.

133 3934 182 3991 rio
207 3927 402 4008 quaesturam
428 3926 550 3985 videtur
571 3925 626 3983 ad·
683 3929 787 4011 Vulgo
808 3950 911 4008 nuper
930 3936 1105 4004 debilitata
1132 3951 1192 4007 iarn

134 4013 322 4075 miniiirall'e.
680 4008 775 4091 prope
797 4025 826 4075 et
841 4017 1001 4095 exstincta.
1056 4086 1061 4093 ,

177 4103 332 4159 debilitata
344 4110 373 4156 et
386 4116 482 4173 prope
500 4099 561 4155 ium
573 4117 627 4155 ex·
