2506 4808
321 307 609 379 EPISTOL'A
659 307 836 379 CXVIIi
1035 330 1096 383 ιιι

60 503 139 576 fuit,
162 522 225 565 nec
243 505 288 564 mi
298 521 464 583 umquam
479 500 569 565 odio.
614 494 707 563 Satis
726 502 817 562 enim
836 509 958 561 acutus
972 504 1097 584 et'per·

58 601 252 675 modestae,
277 610 316 667 'uc
335 604 443 667 bonae
464 601 566 688 frugi·
608 602 714 673 Eum,
738 604 906 682 quianon
922 599 1098 673 videbam,

61 702 170 768 abesse
188 704 358 789 putabam.
402 699 533 769 Audivi
555 722 599 767 ex
617 701 724 767 Gavio
743 699 809 767 hoc
823 701 1000 793 Firmano,
1029 699 1098 766 Ro·

60 827 137 871 nure
162 803 227 870 eise
245 803 437 878 hominem,
464 814 500 869 et
518 801 613 868 fuisse
636 799 809 868 aifiduum.
852 800 1010 868 Percussit
1030 807 1098 867 ani·

60 930 167 972 muru.
212 906 341 980 Dices,
363 904 535 972 tantulane
550 903 666 972 causa?
687 904 858 992 permulta
873 905 914 969 ad
930 926 986 968 me
1004 905 1098 969 detu-

61 1009 148 1074 lerat
162 1032 233 1073 nou
251 1010 350 1075 dubia
368 1008 411 1071 de
426 1007 590 1073 Firmanis
606 1008 779 1073 iratribus.
824 1005 917 1098 Quid
930 1003 984 1078 fit,
1006 1004 1098 1088 quod

61 1110 95 1175 se
119 1131 139 1175 a
159 1132 215 1174 rne
237 1114 404 1182 removit,
425 1105 447 1173 fi
466 1107 571 1173 modo
593 1114 754 1182 removit,
783 1115 916 1196 ignoro.
960 1104 1015 1170 De
1039 1128 1099 1183 eo,

62 1212 154 1296 quod
171 1234 225 1277 me
242 1233 381 1285 mones,
402 1224 440 1274 ut
460 1221 494 1277 et
508 1213 673 1285 πολιτικῶς
690 1232 745 1275 me
762 1231 897 1301 geram,
918 1221 952 1276 et
964 1208 1021 1294 τήν
1037 1213 1099 1278 ἔσω
1143 1258 1149 1269 .

62 1308 212 1403 γραμμῆν
243 1312 414 1396 ιειιεειιιιζι
430 1317 477 1377 ita
504 1310 636 1376 faciam.
677 1310 765 1379 'Sed
789 1333 876 1403 opus
902 1309 949 1377 est
969 1317 1098 1376 maiore

343 1470 346 1475 ·
376 1456 381 1477 ἰ
446 1462 717 1483 Μ

108 1553 176 1626 qnia
203 1569 261 1608 non
288 1546 444 1635 videbam]
481 1551 555 1630 quie
611 1549 700 1609 deret
743 1562 776 1611 et
811 1549 1015 1633 frangeretur.
1058 1551 1102 1621 Ar

63 1656 117 1696 me
138 1636 260 1694 Romae
280 1650 364 1703 uon,
388 1647 423 1692 ut
444 1647 554 1706 anter,
612 1637 762 1716 quoniam
781 1655 915 1715 magnae
942 1639 1014 1697 ortis
1034 1626 1103 1698 ern't

64 1720 188 1799 saepius
209 1731 408 1779 convenerat.
610 1712 730 1778 metum'
742 1718 865 1778 fervidis
881 1723 969 1792 rotie,
985 1735 1020 1779 ut
1034 1720 1103 1781 Ho-

111 1828 150 1863 σεο
181 1800 277 1862 Gavio
315 1803 369 1858 hoc
391 1795 573 1884 Firmano]¹
609 1808 787 1876 reuertit,
811 1803 1102 1878 evitare,hoceu-

67 1911 108 1950 en
126 1888 175 1948 hic
189 1891 270 1949 idem
281 1887 396 1947 Gavius
419 1883 472 1957 fit,
502 1893 557 1968 qui
611 1905 676 1949 tem
699 1887 772 1948 loco
798 1889 927 1958 Cicero,
950 1909 1017 1950 uon
1039 1906 1103 1949 tarn

64 1975 192 2037 Atr.V1.
206 1989 236 2048 3.
255 1970 472 2052 appelleturP.
483 1972 558 2035 010-
611 1976 645 2034 id
671 1971 809 2052 spectare
831 1973 970 2043 videtur,
1013 1973 1103 2053 quod

68 2061 113 2120 dii
143 2064 244 2131 canis,
293 2057 380 2136 quod
403 2055 557 2118 Ernestiue
614 2055 886 2143 gloriosrss'rmunr,
930 2057 985 2123 sed
1012 2058 1103 2138 quod

67 2141 157 2226 qurfi
172 2143 227 2205 suo
243 2147 311 2202 iure
330 2139 437 2216 sumit,
460 2146 559 2202 incer·
614 2141 791 2204 tutiffimunr
816 2140 908 2215 ess'et,
931 2140 1014 2204 haud
1038 2141 1102 2205 scio

68 2246 136 2291 turn
162 2226 213 2288 eit
615 2248 656 2289 en
667 2229 827 2288 Manutius
848 2247 953 2289 verum
973 2229 1104 2304 viderit-3

52 2332 55 2337 ·
114 2317 266 2375 tantulane
293 2310 400 2395 causa]
434 2312 560 2389 Nempe
616 2317 670 2395 qui
691 2314 742 2382 triv
762 2301 815 2386 ἕξω
837 2312 970 2394 γραμμήν
991 2311 1040 2374 hic
1059 2314 1105 2375 le·

66 2398 189 2461 'Atticm
211 2399 313 2461 dicere
327 2411 468 2478 poteret:
486 2415 559 2455 narn
615 2398 757 2481 gendum,
773 2402 909 2477 putavit,
933 2412 966 2458 ut
986 2395 1022 2458 fit
1037 2398 1123 2460 sen·'

70 2487 148 2564 quid
179 2501 232 2544 tue
258 2484 371 2555 refert,
395 2501 433 2541 en
455 2496 485 2539 te
506 2479 560 2542 ille
615 2484 678 2545 sur:
714 2481 803 2561 quod
830 2504 881 2545 rue
908 2503 1036 2555 mones,
1070 2498 1105 2544 nt

69 2567 190 2649 saepius
205 2568 368 2628 iniuratum
384 2565 506 2625 veniet?
616 2567 679 2629 hoe
699 2564 777 2627 statu
798 2570 844 2627 rei
862 2567 948 2646 publ.
976 2573 1106 2649 quiim-

115 2652 263 2736 removit]
292 2650 376 2711 Nihil
395 2671 475 2730 opus
493 2664 575 2719 eret,
616 2652 746 2734 pendet.
764 2656 795 2712 in
813 2673 878 2732 quo
892 2674 957 2713 non
974 2658 1107 2731 optirna-

71 2740 163 2816 quod
198 2743 425 2799 coniunctiv‘um
465 2757 560 2793 remo·
617 2755 682 2810 tes,
719 2736 771 2797 sed
797 2752 940 2816 potentes
965 2739 1106 2799 domina.

73 2826 139 2885 veri
151 2821 306 2884 Ernestiut
325 2834 502 2901 reponeret.
600 2827 679 2884 -turi
694 2823 846 2892 videntur,
867 2827 908 2883 ire
924 2844 977 2883 rne
990 2819 1107 2907 gerum,

116 2909 167 2971 rtit
191 2902 248 2970 ἕσυ
274 2905 430 2989 γραμμήν]
465 2919 562 2964 metu-
617 2923 654 2968 ut
685 2906 862 2988 sapientem·
880 2912 991 2990 reique
1019 2907 1107 2990 publ.

73 2991 175 3074 phora
192 2991 434 3053 ostedioducte.
456 2991 563 3071 Quum
619 2997 753 3075 peritum
783 2996 880 3053 civem
909 2993 997 3055 decet
1024 2994 1111 3073 (hoc

75 3084 159 3138 eninr
190 3078 360 3160 quadrigae
388 3095 406 3134 e
434 3078 564 3136 carceri·
621 3082 703 3140 enim
725 3077 806 3139 velet
834 3082 1008 3159 πολιτικῶς)
1036 3083 1056 3139 i.
1080 3100 1110 3142 e.

74 3162 381 3232 immittebantur,
397 3159 564 3240 elieepro·
619 3180 656 3223 nt
678 3161 859 3242 potentibur
885 3180 989 3244 neque
1017 3184 1111 3246 pror·

74 3253 187 3327 piore,
225 3247 305 3306 aliae
324 3251 497 3306 remotiore
512 3262 565 3304 eu·
612 3247 668 3309 ius
691 3244 865 3321 offerrive,
909 3268 1014 3330 neque
1047 3247 1112 3309 fine

67 3334 177 3393 itacui
193 3337 308 3392 circum
327 3347 439 3393 metum
463 3348 566 3389 curre-
613 3334 684 3393 ¹ulle
706 3330 890 3412 proficiendi
918 3333 988 3416 spe,
1021 3331 1112 3394 stulte

75 3417 161 3478 bant.
218 3417 291 3476 iliae
319 3421 411 3497 igitur
439 3418 567 3474 interio-
614 3437 794 3498 repugnem
802 3460 812 3490 ,
828 3417 880 3479 sed
897 3417 982 3498 quoii
996 3418 1113 3480 lineum

75 3524 155 3572 rem,
182 3501 241 3562 hae
254 3507 436 3561 exteriorem
453 3502 567 3560 lineam
623 3506 782 3585 quandem
818 3517 942 3563 teneam
981 3510 1114 3565 exterio·

76 3587 235 3648 tenebant.
292 3587 402 3665 ireque
431 3586 483 3654 τιῖν
510 3579 568 3645 ἔσθ
616 3608 708 3658 rem,
733 3584 921 3668 seorsrmque
943 3588 1114 3650 abeorum

77 3673 210 3752 γραμμήν
232 3687 355 3739 tenere,
378 3667 466 3729 estin
481 3664 568 3729 cursu
624 3672 798 3733 rationibus
822 3671 940 3732 cursum
967 3676 1114 3755 dirigam:

78 3755 133 3816 irbi
150 3756 346 3837 prospicere,
369 3774 404 3814 ιιι
420 3759 569 3815 interiore
626 3776 688 3840 ego
701 3778 777 3817 vero
794 3761 835 3817 ite
848 3760 994 3819 iaciam.“
1020 3758 1114 3839 Quic-

79 3840 110 3903 h.
127 3863 154 3905 e.
176 3842 319 3901 breviore
337 3845 444 3899 vianti
464 3835 568 3919 posits.
627 3842 704 3923 quid
745 3840 779 3902 [it
810 3842 925 3903 senium
954 3844 1116 3903 Manutius

66 3929 205 3987 -Sed..iu
234 3926 293 3986 hec
314 3928 462 3985 interiore
487 3922 569 3984 lineo
625 3943 712 3987 reete
727 3925 963 4008 explicavit-five
981 3924 1037 3987 ἔσω
1054 3924 1117 3988 ssve

80 4010 280 4070 vehementer
295 4011 465 4070 cavendnm
487 4024 569 4080 erut,
628 4008 742 4090 ἕξω-ιι
780 4016 933 4076 Cicerone
970 4013 1117 4099 scriptum

81 4117 122 4158 ne
145 4117 251 4158 currus
272 4095 313 4156 ed
334 4110 451 4157 metum
471 4091 571 4157 offen·
610 4098 731 4163 inerit.
765 4112 768 4117 '
828 4110 831 4115 ’
1122 4088 1128 4105 ’
