2506 4808
384 315 670 387 nmsroin
710 319 801 387 cv.
1068 336 1113 415 tt,

79 508 292 591 navigatione
312 505 595 572 nansmiiiumm.
637 506 677 571 ld
698 512 816 594 cupi03
840 521 892 582 et,
909 530 1112 593 quamquam

77 605 221 692 teipsum
236 604 363 670 scilicet
377 614 540 689 maxime3
564 598 677 672 tamen
694 615 794 672 etiam
810 610 928 676 literas
944 623 1018 677 tuas
1032 626 1112 679 ante

77 706 250 794 exspecto.
292 707 492 780 nutriter,
512 706 597 772 vale.

193 901 473 973 EPISTOLA
514 886 599 972 cv,
659 904 775 989 (att.
827 909 900 978 ιν.
934 903 993 998 i)

235 1067 301 1127 Ser.
315 1069 348 1126 in
362 1067 480 1127 Antiati
495 1065 532 1125 Α.
547 1063 586 1127 U.
605 1065 642 1126 C.
657 1064 730 1147 697.
748 1066 799 1130 Vl
820 1068 863 1130 id.
879 1071 955 1153 Apr.

83 1209 282 1294 Tyrannionis
306 1220 451 1275 librorum
473 1219 709 1294 designationem
736 1221 860 1293 iaudat,
904 1236 1055 1305 rogatque
1077 1233 1111 1282 at

120 1315 236 1376 Atticus
256 1340 273 1376 e
286 1319 350 1395 suis
371 1321 504 1376 librariis
518 1319 638 1390 mittat,
659 1321 764 1399 quibus
779 1322 831 1378 ille
845 1325 1026 1399 administris
1045 1335 1110 1382 uta·

118 1429 170 1474 tio·
203 1440 229 1482 t.
270 1423 375 1479 indum
420 1422 639 1498 gladiatoriam
669 1423 705 1476 ab
735 1419 836 1481 Attico
872 1437 1005 1503 ernptum
1038 1447 1110 1505 gro,

118 1521 243 1582 talatiir.
267 1542 299 1582 ι.
813 1580 831 1615 ⁰

292 1677 506 1744 CICERO
548 1673 797 1750 ATTICO,
841 1672 880 1744 S.

184 1825 339 1894 Perbelle
362 1829 507 1903 feceris,
542 1826 563 1892 li
589 1828 630 1892 ad
658 1851 724 1893 nos
747 1837 897 1895 veneris.
939 1829 1108 1898 Offendes

77 1926 341 2018 designationem
362 1929 597 2021 Tyrannionis
623 1928 800 1993 mirificam
831 1935 996 1997 librorum
1019 1924 1111 1998 meo'·

75 2054 170 2110 mnu
204 2052 349 2114 quorum
371 2031 529 2115 reliquiae
557 2031 666 2094 multo
692 2031 852 2097 meliores
883 2035 974 2107 lum,
1008 2055 1109 2118 quain

74 2145 241 2221 putaram.
283 2133 393 2196 Etiam
408 2132 508 2197 velim
528 2129 611 2194 mihi
635 2136 751 2196 mittas
772 2132 815 2196 ile
834 2138 902 2198 tuis
925 2133 1108 2202 librariolis

117 2303 211 2386 Epist.
225 2306 291 2366 CV.
338 2327 363 2365 r.
379 2309 508 2381 perbelle
513 2305 565 2374 fe·
621 2306 758 2364 dicturus
790 2301 895 2375 inille,
934 2310 1015 2365 cuias
1039 2309 1110 2367 reli·

74 2392 174 2473 aeris]
195 2394 285 2451 Hanc
300 2389 460 2471 epistolam
482 2391 565 2451 mele
620 2393 727 2471 quiae,
761 2406 791 2448 et
819 2388 989 2473 delignatio
1015 2394 1112 2453 libro·

76 2478 171 2559 vulgo
187 2474 563 2557 cumsnperiore(eP·98·
620 2496 689 2534 rum
723 2471 766 2533 est
806 2473 869 2552 ipse
909 2475 1110 2541 bibliotheca.

75 2561 165 2622 liniae
182 2562 348 2636 editionis)
367 2567 564 2620 coniunctam
620 2560 768 2639 Denique
797 2557 936 2620 venustae
964 2561 1026 2620 loci
1055 2566 1111 2621 mi·

74 2644 189 2727 scripfit
211 2648 340 2716 Cicero,
377 2667 473 2726 quoin
486 2647 564 2705 Arti-
619 2649 735 2716 nulius,
759 2642 897 2724 quaeest
914 2646 1112 2726 ineo,qood

74 2754 129 2793 eui
155 2737 216 2790 iam
239 2751 276 2790 ex
296 2735 407 2791 itinere
427 2732 563 2791 Romam
620 2727 847 2812 defiguntorem
882 2731 957 2791 lacit
988 2733 1112 2813 Tyran-

72 2815 226 2888 reditio,
249 2813 314 2894 ipse
338 2831 441 2875 autem
460 2821 491 2874 in
510 2816 564 2874 vil·
618 2820 765 2886 aionem,
789 2820 844 2894 qui
866 2813 969 2886 libris,
997 2833 1031 2874 ut
1053 2815 1112 2877 lio·

72 2905 102 2964 la
119 2904 235 2961 Antiati
253 2900 337 2960 librie
357 2899 415 2962 suia
432 2921 563 2981 operam
618 2899 751 2958 minibus
772 2903 804 2958 in
819 2919 960 2980 pompe,
978 2907 1111 2979 nuptiis,

72 2991 171 3048 daret.
620 2999 678 3043 etc.
700 2983 806 3044 locuni
822 3005 936 3064 cuique
958 2984 1043 3044 suom
1067 2987 1112 3049 al·

115 3076 259 3130 librorum
280 3066 436 3149 meorum]
454 3069 488 3128 ln
511 3069 562 3130 ed.
618 3065 726 3150 lignei.
785 3069 931 3149 Denique
960 3073 1032 3130 edo.
1062 3094 1110 3152 pt.

74 3158 168 3218 Rom.
185 3157 312 3237 legitur:
335 3152 471 3222 offendes
489 3156 563 3228 desi·
618 3154 713 3213 Rom.
738 3152 816 3212 lens.
845 3153 1038 3216 consentiunt
1077 3161 1111 3220 iu

74 3248 248 3321 guntionem
281 3235 475 3317 Tyrannionis
506 3244 562 3297 mi·
618 3241 878 3316 designationem,
922 3244 1011 3322 quod
1042 3262 1111 3305 non

74 3326 191 3398 rificam
210 3331 353 3383 librorum
368 3346 500 3381 meorum
520 3327 561 3382 bi·
617 3327 679 3384 lert
707 3326 920 3386 bibliothecam,
974 3327 1011 3385 Et
1040 3331 1110 3407 quit

72 3417 255 3470 bliotbecnm.
300 3413 461 3469 Lectiones
484 3409 564 3470 aliae
618 3411 702 3468 dicat
734 3411 908 3468 bibliotheca
941 3410 1109 3469 librorum?

73 3493 562 3574 ecorrupteedienlneiaelunt.
619 3494 731 3572 linque
762 3493 971 3554 scribendum:
1014 3495 1110 3566 ‹sfen-

74 3588 179 3662 Atque
192 3583 241 3640 illo
259 3579 280 3639 fi
296 3581 395 3640 modo
411 3578 494 3662 legor
510 3583 561 3638 de·
618 3583 671 3637 der
687 3580 922 3656 designationem
946 3574 1109 3656 Tyrannio·

67 3670 239 3746 signatione
272 3666 367 3725 incilia
402 3664 455 3726 est.
498 3665 563 3725 Sed
618 3669 664 3721 nis
685 3662 843 3733 mirificam
863 3668 1009 3723 librorum
1029 3688 1110 3726 meo·

72 3755 148 3814 mihi
171 3770 274 3812 tomen
294 3749 464 3828 suspectum
489 3748 562 3808 sem-
617 3771 695 3809 ram.
723 3784 766 3796 -
808 3746 935 3828 Ernesti.

72 3861 132 3921 per
147 3841 203 3898 [uit
220 3838 431 3894 bibliothecam.
462 3833 562 3912 Quod
660 3857 751 3915 quam
769 3833 932 3916 putaram]
955 3838 1006 3897 sie
1023 3853 1110 3899 recto

73 3927 135 3985 vidi
170 3939 200 3982 et
218 3921 400 3981 Lambinum
434 3916 561 3980 sensill‘e.
618 3919 788 3992 Graevius,
818 3941 954 3999 eumque
971 3925 1109 3987 imitetur

71 4013 153 4069 Nam
177 4010 299 4065 videtur
320 4024 442 4087 potina,
476 4002 561 4065 fieb
616 4005 748 4066 Ernesti.
773 4007 834 4065 Alii
848 4019 981 4079 putaras.

74 4096 228 4157 Cicerone
259 4090 321 4151 hoc
348 4089 392 4153 est
414 4089 561 4165 verbum,
660 4093 752 4149 etiam
761 4089 866 4173 aelim]
875 4093 927 4152 Sic
938 4090 1108 4175 mealpon-
