2506 4808
138 299 187 384 4.
429 231 714 353 rursrou'n
754 283 871 356 inv.

108 505 133 576 4
228 476 329 571 Quod
356 473 488 549 scribis,
527 495 599 540 non
625 471 809 562 oportuisse
827 473 1005 542 Metellum
1029 476 1069 542 sn

65 602 67 606 ’
141 599 263 659 tuum„
275 583 319 645 ob
336 577 485 650 dietum,
507 596 594 640 arne
609 582 816 664 oppugnari:
833 581 1014 664 primum,
1035 578 1069 643 h«

138 687 200 752 lim
220 669 413 751 existimes,
442 680 590 741 animum
612 674 697 741 mihi
716 676 816 744 istum
838 689 935 744 tuum
950 678 1069 746 vehem

139 788 292 876 probari3
320 793 355 845 et
375 778 561 845 fraternam
581 776 716 866 plenam
735 775 954 846 humanitatis
972 804 1011 846 ac
1031 790 1068 870 pi

97 923 99 928 .
137 887 364 955 voluntatem:
396 878 540 952 deinde,
568 876 678 964 siqua
701 902 767 968 ego
789 887 825 946 in
845 905 882 946 re
902 884 998 948 sratri
1019 896 1069 950 tut

138 988 292 1078 publicae
310 982 414 1056 causa,
430 979 619 1054 restiterim,
639 995 679 1048 ut
693 980 776 1049 mihi
794 982 966 1072 ignoscas3
990 998 1061 1050 tam

137 1090 209 1154 sum
231 1089 360 1151 amicus
382 1089 433 1149 rei
454 1081 625 1170 publicae,
648 1104 749 1167 quam
771 1091 828 1168 qui
854 1092 1018 1170 maxime3
1047 1087 1068 1152 li

78 1206 82 1217 ’
137 1212 248 1256 meam
267 1186 405 1252 salutem
426 1197 546 1250 contra
566 1181 656 1249 illius
680 1187 846 1274 impetum
868 1193 904 1252 in
920 1212 975 1254 me
993 1212 1068 1255 cruc

38 1331 43 1339 ⁴
136 1314 232 1358 mum
252 1287 480 1359 defenderim,
509 1282 586 1350 satis
605 1281 746 1361 habeas,
768 1286 854 1353 nihil
868 1313 922 1355 me
936 1296 1037 1356 etiam
1054 1306 1068 1358 t

137 1396 180 1459 de
195 1398 244 1459 tui
259 1393 373 1458 fratris
389 1391 511 1452 iniuria
526 1392 701 1468 conqueri.
746 1388 857 1483 Quem
873 1413 936 1481 ogo
958 1416 1062 1477 quum

136 1493 290 1585 perissem
306 1512 444 1559 omnem
462 1487 510 1552 sui
527 1488 719 1553 tribunatus
737 1505 898 1558 conatum
913 1500 950 1558 in
969 1518 1068 1560 mean

36 1588 38 1595 ’
137 1602 261 1663 niciem
274 1614 403 1682 parare,
429 1604 529 1672 atque
545 1587 720 1666 meditari,
747 1598 801 1680 egi
815 1615 893 1659 cum
907 1596 1038 1673 Clodia,
1059 1625 1068 1664 ι

138 1711 213 1771 tua,
240 1692 373 1761 et'cum
393 1691 499 1759 vestra
520 1691 634 1759 sorore
654 1692 788 1768 Mucia,
816 1700 910 1762 cuius
932 1718 1012 1786 erga
1035 1724 1067 1764 m

135 1797 230 1864 diurn
252 1819 315 1887 pro
335 1794 402 1860 Gn.
417 1782 570 1882 Pompeii
589 1793 846 1872 necessitudine,
869 1798 984 1864 multis
1004 1807 1042 1865 in
1062 1825 1068 1867 t

136 1899 388 1989 perspexeram,
416 1909 456 1961 ut
469 1894 565 1961 illurn
580 1898 623 1960 ab
644 1918 683 1960 ea
696 1901 819 1964 iniuria
839 1897 1062 1967 deterrerent.

135 2022 202 2090 que
216 1999 291 2073 ille,
313 1998 405 2084 quod
419 2011 453 2062 te
468 1995 591 2064 audisse
610 2010 706 2063 certo
722 1995 802 2071 scio,
822 2001 933 2090 pridie
947 2001 1015 2068 kal.
1030 2005 1067 2070 Ia

134 2255 229 2331 uidit,
256 2253 411 2319 vocabulo
433 2259 624 2319 reconciliata
681 2256 720 2338 Q.
736 2256 905 2329 Scaevolae
920 2282 957 2322 ex
972 2284 1067 2347 quop

134 2343 246 2404 melius
262 2338 431 2422 respondet
455 2345 620 2402 irmnutata.
677 2343 817 2403 Muciam
831 2343 910 2406 htnc
928 2357 1062 2429 peperit.

177 2440 207 2506 4.
239 2429 335 2503 uestra
358 2428 465 2501 sorore
494 2424 620 2511 Mucia]
678 2442 709 2486 et
721 2428 782 2488 Dio
797 2428 850 2488 lib.
860 2444 909 2510 87.
921 2431 1058 2494 sororem

135 2512 242 2572 Uxore
265 2514 325 2571 Gn.
346 2512 505 2591 Pompeii,
533 2527 567 2585 ut
583 2533 620 2573 ex
676 2512 797 2571 Metelli
821 2515 945 2577 Celeris.
1004 2521 1067 2580 Cur

135 2598 289 2669 Pediano,
307 2594 485 2667 Plutarcho,
502 2597 619 2670 Dione,
674 2594 1067 2678 posten‚lluprntnmnC.(

135 2685 211 2742 item
234 2701 283 2761 ep.
302 2681 346 2740 ‘nd
366 2683 428 2741 Art.
443 2681 467 2740 l.
488 2701 534 2741 12.
554 2680 621 2762 pln-
675 2701 710 2740 re
725 2679 898 2762 suspicatus,
915 2686 991 2768 poll
1005 2693 1067 2752 duo

134 2785 211 2828 num
232 2765 275 2827 sit.
318 2767 418 2827 Soror
437 2781 540 2825 nutem
561 2767 620 2826 suit
677 2784 785 2845 coptos
801 2766 880 2829 filios
895 2772 1058 2834 divortium

135 2853 271 2912 duorum
301 2849 504 2910 Metellorum
518 2849 619 2910 Cele-
675 2856 765 2929 peius
781 2852 853 2912 fecit
867 2855 920 2918 lib.
936 2857 959 2915 1.
976 2861 1016 2918 ud
1029 2866 1067 2921 At

134 2942 177 2996 ris
191 2938 373 3014 etNepotin,
390 2936 435 2994 vel
451 2935 538 3014 quod
553 2940 618 2994 eius
679 2955 726 2993 12.
746 2937 909 2998 Pedianus.
946 2943 1065 3006 Sueton

135 3035 235 3081 meter
252 3023 346 3098 patris
360 3016 448 3078 soror
462 3016 552 3096 essen
569 3018 619 3080 vel
674 3019 756 3080 Iulio
772 3041 798 3082 c.
807 3036 859 3096 50.
883 3024 1063 3090 Plutarchus

136 3106 226 3186 quod
237 3103 353 3165 Celeris
370 3105 620 3182 etNepotirmn·
675 3101 797 3167 Manut.
1064 3095 1066 3104 ⁴

135 3204 194 3261 ter,
210 3190 334 3248 Muciae
350 3191 519 3270 gentisne.
533 3184 620 3248 soror
719 3200 751 3246 ut
767 3192 851 3248 illum
866 3195 900 3250 ab
915 3191 964 3276 ea]
1008 3197 1059 3257 Sic

135 3271 210 3334 esset
219 3277 312 3352 petris
321 3269 409 3332 huius
418 3273 550 3332 Muciae.
569 3275 620 3333 Sic
676 3278 741 3357 tyni
757 3275 895 3358 Legunt.
924 3280 1030 3364 Vulgo
1046 3305 1066 3341 ιι,

135 3363 217 3419 enirn
231 3359 364 3418 semime
377 3354 498 3416 sorores
514 3357 620 3418 dicun·
675 3364 710 3418 ab
727 3360 789 3418 illa.

133 3458 196 3516 tur,
212 3439 618 3540 licetgermannenoulint‚
716 3455 797 3502 certo
821 3445 909 3530 scio]
971 3449 1043 3509 Hoc

135 3543 172 3587 ut
186 3527 500 3605 mereolnepesrntres
511 3527 619 3607 appel·
676 3527 827 3588 Graevius
856 3535 888 3590 in
924 3532 993 3600 MS.
1022 3556 1066 3615 re]

133 3611 255 3683 lentur,
277 3631 374 3692 quum
389 3608 445 3691 lint
460 3612 616 3692 patrueles
674 3611 789 3673 eodem
814 3629 845 3677 et
865 3615 1003 3678 Ernestio
1026 3641 1065 3678 nu

135 3713 189 3757 out
199 3695 383 3758 consobrini.
409 3697 513 3756 Potuit
523 3702 617 3757 etiem
674 3694 751 3768 bus,
775 3713 809 3757 ut
822 3705 885 3773 rei,
909 3723 971 3780 que
989 3703 1064 3764 deo

29 3819 31 3824 ·
133 3781 224 3843 soror
239 3778 299 3841 esse
314 3782 431 3841 uterina
449 3782 564 3843 Celeris
579 3796 620 3847 ,et
675 3786 776 3861 aptius
819 3790 925 3867 recepi
964 3793 1033 3867 ipro

133 3867 268 3946 Nepotis
291 3865 351 3927 hoc
370 3865 492 3939 modo.
514 3882 548 3926 ut
564 3886 619 3929 eo·
674 3869 773 3928 oredo.

134 3971 205 4011 rum
217 3966 325 4022 meter,
342 3954 407 4012 viro
421 3946 559 4022 mortuo,
577 3951 618 4031 Q.
676 4010 678 4015 ,
715 3954 815 4028 pridie
832 3946 899 4014 Kal.
919 3949 1006 4042 Iam]
1047 3978 1065 4019 u

131 4034 270 4106 Metello
296 4037 446 4119 Nepote,
481 4032 620 4118 nupserit
675 4035 849 4111 consuletur
873 4038 934 4101 die.
