2506 4808
243 255 531 380 nrrsrotu
576 308 750 380 κω(
944 325 1017 403 ¹40·

87 520 157 588 tque
175 494 254 566 ante
272 504 313 565 ab
330 501 403 566 aliis
419 499 595 567 auditurus
605 494 707 575 esses,
728 519 854 565 annum
868 495 1009 566 tertium

87 604 143 671 iisse
159 603 321 669 desrderio
341 603 474 677 nostre,
494 616 528 667 et
542 601 661 669 'labori
674 615 752 669 tuo:
773 612 887 667 tamen
903 603 1012 668 existi·

95 730 112 773 a
130 730 184 772 me
207 728 341 791 quoque
363 709 425 769 tibi
447 703 549 769 huius
572 703 742 770 molestiae
758 711 917 794 nuntium
937 728 1011 794 per·

93 821 262 899 oportere.
303 808 391 873 Nam
413 805 641 893 superioribus
664 807 795 882 literis,
817 829 890 872 non
912 799 1009 883 unii,

87 913 227 987 iuribus,
261 935 364 997 quum
383 915 450 974 ianr
473 911 514 972 ab
538 908 620 973 aliis‘
635 907 810 998 desperata
829 930 887 976 res
913 907 1011 983 esset,

87 1038 182 1104 tego
204 1018 265 1079 tibi
294 1012 383 1100 spem
411 1021 560 1073 maturae
584 1009 783 1076 decessionis
811 1013 1014 1093 asserebam

87 1119 200 1192 bium,
236 1128 276 1181 ut
300 1136 399 1199 quam
422 1109 600 1177 diutissime
624 1125 658 1177 te
680 1114 831 1178 iucunda
850 1118 1020 1203 opinione

87 1235 209 1292 tarem,
230 1216 287 1281 sed
308 1223 405 1280 etiam
423 1220 499 1299 quia
512 1227 607 1279 tanta
622 1213 848 1282 adhibebatur
871 1226 906 1279 et
920 1236 939 1278 a
955 1236 1015 1279 no·

87 1337 109 1389 et
134 1345 154 1387 a
173 1321 389 1410 praetoribus
415 1323 606 1392 contentio,
626 1329 665 1382 ut
678 1329 762 1394 trem
780 1315 873 1406 posse
888 1312 1014 1381 confici

87 1421 279 1491 tiffiderem.
322 1418 423 1484 Nunc
448 1424 605 1502 quoniam
626 1423 673 1482 ita
695 1418 830 1492 accidit,
849 1432 889 1482 ut
902 1438 1013 1502 neque

87 1525 242 1593 >ressais
265 1524 405 1610 opibuS,
429 1542 538 1603 neque
557 1540 621 1584 nos
647 1517 764 1584 nostro
787 1518 896 1584 studio
919 1519 1015 1603 quid·

91 1622 265 1716 proficere
279 1621 466 1712 possem,
489 1620 536 1684 est
549 1625 688 1697 omnino
705 1618 841 1686 difficile
856 1642 926 1686 non
942 1612 1036 1709 gra-s

89 1731 124 1796 id
144 1730 259 1794 serre:
283 1727 336 1792 sed
357 1737 468 1788 tamen
491 1720 623 1786 nostros
648 1727 780 1788 animos
802 1728 959 1788 maximis
977 1728 1021 1787 in·

110 1844 147 1896 et
170 1829 352 1918 gerendis,
370 1838 405 1890 et
428 1823 625 1890 sustinendis
644 1829 871 1898 exercitum,
888 1825 1016 1913 frangi,

87 1933 209 1999 bilitari
222 1929 374 1995 molestia
387 1950 456 1993 non
472 1936 619 2012 oportet.
662 1924 706 1987 Et
723 1930 880 2009 quoniam
893 1946 933 1990 ea
947 1943 1022 1990 mo*

87 2035 155 2100 ime
178 2035 271 2099 ferre
294 2030 451 2096 homines
472 2027 616 2098 debent,
644 2047 728 2109 quae
744 2025 900 2115 ipsorum·
917 2028 1017 2116 culpa

87 2150 164 2201 acta
187 2135 280 2208 sunt,
301 2132 348 2198 est
370 2129 528 2215 quiddam
549 2132 586 2193 in
607 2124 669 2191 hac
693 2150 730 2192 re
745 2128 828 2193 mihi
846 2128 1016 2197 molestius

87 2240 186 2310 durn,
210 2258 310 2319 quam
333 2236 406 2297 tibi.
449 2231 590 2295 Factum
620 2232 667 2296 est
689 2237 878 2296 eninr'rnea
901 2233 1024 2322 culpa,·

87 2361 124 2412 a,
147 2359 248 2422 quam
270 2349 308 2400 tu
332 2357 485 2407 mecum,
507 2346 541 2398 et
560 2331 793 2422 proficiscens,
819 2348 853 2398 et
869 2358 932 2423 per
946 2335 1020 2399 lite·
1047 2332 1050 2339 ’

88 2461 209 2528 geras,
230 2451 269 2503 ut
290 2420 404 2524 p'riore
428 2457 516 2499 anno
537 2460 605 2502 non
621 2435 869 2504 succederetur.
913 2435 1020 2525 Quod

94 2544 178 2605 durn
201 2539 366 2604 sociorum
389 2539 481 2603 saluti
505 2538 661 2610 consulo,
689 2535 771 2599 duur
792 2537 1020 2626 impudentiae

87 2638 236 2707 ullorum
252 2646 509 2729 ,negotiatorum
533 2637 662 2710 resisto,
689 2639 768 2703 duur
785 2638 932 2702 nostram
952 2639 1023 2726 glo,

103 2759 164 2810 tua
186 2749 312 2810 virtute
334 2747 450 2832 augeri
476 2753 619 2828 expete,
656 2739 721 2803 ieci
746 2762 817 2804 non
839 2739 1019 2830 sapienter:

102 2995 136 3050 in
159 2985 213 3047 tasi
240 3006 276 3044 re
302 2986 399 3043 movit
430 3003 480 3040 me
538 2997 572 3041 to
594 2983 714 3041 tractati
735 2977 846 3052 essent,
868 3001 933 3041 nort
958 2997 1023 3043 tan·

87 3077 181 3135 udum
194 3069 415 3149 utsuspicerer,
433 3066 481 3126 bic
539 3085 601 3126 tum
625 3072 657 3126 in
678 3072 838 3148 *provincia
865 3084 1024 3129 consume·

87 3161 186 3218 nuncii
208 3152 349 3215 excidisse
374 3156 480 3209 vetusto·
538 3152 611 3211 liose
640 3153 680 3211 de
706 3152 772 3232 ipso
800 3153 897 3212 locuti
918 3170 1023 3225 erant,

88 3251 193 3306 iterat.
241 3237 365 3314 Ernesti.
539 3260 644 3296 verum
662 3243 752 3296 etiem
769 3240 903 3297 Romam
921 3239 961 3297 nd
982 3237 1026 3297 se·

87 3324 292 3408 maeroribus]
332 3328 385 3402 qui
426 3320 482 3402 ipsi
539 3339 646 3382 natum
689 3324 827 3403 questum
868 3338 1026 3386 venerunt.

87 3420 173 3487 ntiae
202 3409 360 3493 regendae
383 3405 484 3467 studio
541 3410 646 3487 Quum
687 3411 780 3489 igitur
808 3409 930 3490 Marcus
963 3413 1028 3467 eni⁴

90 3517 205 3571 entur,
246 3497 385 3574 ideoque
400 3536 408 3562 ‚
432 3508 486 3566 *ut
540 3489 757 3565 inadvertiss'et,
773 3494 890 3572 aliquid
901 3516 980 3567 exeo
992 3516 1027 3554 re

87 3605 116 3647 to
137 3585 287 3644 Ciceroni
311 3577 486 3638 succedere·
542 3574 719 3637 ossenfionis
740 3596 933 3641 contractum
950 3577 1028 3649 effe,

94 3667 338 3731 contendebant.
397 3660 401 3668 '
544 3683 674 3743 operam
705 3664 838 3727 dederat
863 3681 897 3725 ut
922 3671 1028 3749 primo

87 3756 241 3814 endendae
279 3752 487 3808 ›tonoreslortu'n
545 3769 627 3807 enno
653 3746 731 3807 alter
753 3750 1028 3829 adderetur,.quo

88 3834 358 3916 latorumrefi'sto]
386 3835 487 3893 Polie·
544 3831 646 3914 posset
677 3835 810 3914 Quintus
845 3851 1030 3916 conceptum

87 3929 254 3988 Paconibm
279 3938 308 3980 et
331 3920 487 3978 iteru'su-
546 3941 581 3977 ex
608 3915 723 3980 'nimie
769 3919 927 3981 severitate
968 3942 1032 3986 rna·

87 4034 131 4073 un
155 4007 313 4092 quendam
332 4008 487 4071 nominat,
543 4004 794 4089 'culam'esuerm
831 4023 860 4064 et
882 4000 1032 4071 iucundisss

90 4116 168 4160 uum
195 4093 335 4155 acerbius
358 4091 488 4169 aQuin-
548 4087 652 4150 sunam
681 4088 725 4150 sui
752 4083 884 4152 nominis
914 4111 1034 4152 memo·
