2506 4808
154 306 214 373 aaa
407 242 691 371 urtsroua
728 261 924 370 exirm.

150 490 269 557 multis
284 487 515 555 consularibus
532 501 626 554 tanta
641 493 862 555 contentione
878 480 1200 580 ‹lecertavi‚'·quau·

151 605 187 656 tn
203 610 386 675 numquam
411 603 507 655 antea
520 589 589 655 ulla
609 595 644 655 iu
659 586 772 663 eausa,
797 585 1007 677 suscepique
1026 593 1120 660 mihi
1138 618 1202 685 per-

151 706 287 781 petuam
307 696 613 779 propugnationem
628 710 691 776 pro
706 692 863 755 omnibus
873 701 1108 762 ornamentis
1126 705 1201 765 tnitt
1252 729 1253 742 κ

155 798 328 877 veterique
348 788 481 856 nostrae
506 787 740 855 necessitudini
766 791 894 857 iamdiu
915 792 1109 873 debiturn,
1153 797 1201 865 sed

153 892 261 959 multa
284 898 447 957 varietate
470 904 662 977 temporum
684 895 931 978 inemptum,
964 893 1134 964 officinm
1156 922 1200 966 cn·

154 993 280 1057 mutate
299 992 441 1058 reddidi.
469 990 604 1082 'Neque
633 988 828 1056 mehercule
849 1014 1022 1077 umquam
1049 998 1200 1068 mihitur·

155 1108 213 1160 aut
229 1094 382 1167 colendi,
405 1107 462 1157 aut
478 1092 621 1158 ornandi
636 1089 789 1156 voluntas
806 1092 929 1159 defuit:
957 1095 1019 1162 sed
1036 1102 1199 1184 quaedam

154 1197 266 1286 peltes
293 1194 486 1266 hominum,
518 1193 617 1258 laude
640 1192 747 1258 aliena
766 1191 979 1271 dolentium,
1010 1214 1052 1266 et
1077 1214 1114 1269 te
1128 1226 1198 1271 non·

154 1318 338 1380 numquam
362 1317 380 1359 a
403 1316 458 1357 ine
480 1294 687 1367 alienarunt,
710 1304 744 1359 et
764 1317 817 1359 me
836 1294 1025 1381 aliquando
1051 1308 1198 1373 immuta

34 1484 39 1495 Ι
154 1410 237 1463 runt
261 1399 336 1461 tibi.
382 1393 454 1461 Sed
479 1393 606 1461 exstitit
630 1408 765 1485 ternpus
785 1410 939 1484 optatum
963 1402 1060 1471 mibi
1083 1412 1197 1496 magis,

155 1519 255 1584 quarn
277 1496 464 1585 speratum,
503 1507 559 1568 ut,
595 1492 832 1562 florentilsrmis
857 1504 925 1565 tuis
952 1507 1095 1582 rebus,
1135 1528 1196 1573 ntea

154 1595 298 1688 perspici
313 1594 440 1684 pollet,
462 1608 497 1660 et
514 1602 676 1661 memoria
690 1595 824 1662 nostrae
837 1600 1056 1682 voluntatis,
1081 1622 1118 1675 et
1132 1614 1196 1675 ami

156 1704 254 1764 uitiae
277 1696 374 1763 fider.
418 1696 503 1764 Sum
522 1702 612 1760 enim
628 1696 847 1773 consecutus,
866 1724 934 1767 non
957 1708 1074 1773 modo
1094 1723 1136 1775 ut
1150 1711 1196 1776 do

155 1822 233 1867 mus
257 1813 315 1869 tun
339 1814 432 1874 tota,
455 1797 510 1862 led
533 1810 570 1860 ut
595 1810 719 1862 cuncta
743 1806 860 1868 civitae
884 1826 938 1867 ure
960 1808 1029 1872 tibi
1057 1810 1196 1879 amiciti·

156 1926 249 1969 mum
293 1902 357 1968 elle
404 1899 633 1989 cognosceret.
696 1900 812 1984 ltaque
849 1914 883 1967 et
918 1908 1196 1992 praestantilfima

157 2011 309 2070 omnium
327 2005 548 2074 feminarum,
570 2013 745 2073 uxortua,
768 2015 803 2066 et
817 2010 940 2072 eximia
964 2014 1124 2095 pietate,
1143 2021 1196 2082 vir·

157 2118 249 2180 tute,
277 2110 399 2199 gratia,
424 2107 472 2168 tui
500 2099 602 2166 Crasti
637 2107 721 2166 rucis
748 2102 908 2181 confinis,
941 2118 1118 2191 monitis,
1143 2115 1197 2184 ltu·

157 2196 244 2280 lliis,
282 2202 540 2286 actionibusque
558 2213 726 2268 utuntur:
767 2218 801 2269 et
825 2206 954 2274 senatus
980 2215 1195 2303 populusque

156 2305 333 2375 Ronrunus
357 2305 533 2390 intelligit,
557 2304 619 2366 tibi
643 2302 769 2370 absenti
793 2307 876 2372 nihil
901 2309 968 2373 elle
991 2325 1071 2381 tum
1091 2343 1195 2408 prom·

156 2420 275 2502 ptum,
310 2419 365 2473 aut
392 2419 459 2472 tarn
481 2416 654 2491 paratum,
692 2428 792 2488 quam
819 2414 855 2475 in
884 2415 1053 2483 omnibus
1079 2423 1196 2497 rebus,

158 2530 241 2593 quae
265 2508 307 2571 nd
327 2521 362 2573 te
385 2513 595 2596 pertineant,
624 2529 779 2596 operam,
806 2532 937 2586 curum,
964 2515 1197 2611 diligentiam,

152 2615 397 2695 ‚auctoritatem
418 2631 539 2677 meant.

538 2779 808 2799 w

157 2862 414 2947 quandoquidem
437 2863 572 2928 dirarum
593 2869 649 2930 ob·
745 2892 823 2929 uxor
846 2871 919 2957 tua]
947 2876 1122 2943 Tertullae
1147 2904 1199 2947 no·
1252 2939 1253 2964 a

155 2954 351 3012 nuntiatione
365 2952 515 3035 neglecta,
533 2959 565 3014 in
574 2977 648 3034 pro·
702 2975 775 3015 rnen
790 2954 893 3030 soille,
916 2975 947 3019 et
963 2963 1134 3028 aCoesaro
1146 2967 1198 3029 llu-
1252 2995 1253 3032 t

154 3038 285 3097 ,vinciam
303 3035 455 3115 ubivillet3
477 3038 648 3120 quodper-
702 3056 822 3120 pretam
850 3043 1020 3108 Suetonius
1054 3055 1090 3112 in
1117 3051 1197 3115 Caes.
1252 3043 1253 3097 l

150 3119 303 3181 niciosuni
334 3128 377 3182 rei
405 3122 551 3204 publicae
576 3124 647 3186 lore
702 3145 729 3184 c·
747 3132 796 3190 50.
818 3143 928 3188 auctor
944 3128 996 3192 ell.

153 3204 335 3278 videbatur,
369 3205 441 3267 ficut
467 3209 543 3285 snit,
580 3208 646 3290 iplo
744 3212 789 3266 tui
820 3207 936 3296 Crassi]
966 3213 1020 3275 filil
1051 3221 1196 3298 Maroni,

155 3307 226 3349 enm
239 3295 373 3352 exercitu
389 3314 405 3352 a
422 3290 540 3355 Parthis
554 3298 648 3356 inter·
702 3310 734 3355 et
748 3295 873 3357 Publius
894 3318 974 3378 quor
992 3299 1061 3365 hoc
1077 3322 1199 3390 ternpo-

154 3372 249 3434 lacto.
292 3376 413 3436 Manet.
699 3400 735 3440 re
771 3378 889 3443 constat
929 3382 1019 3446 inille
1056 3390 1198 3467 Rornae,

199 3460 410 3544 interruptum]
433 3460 535 3524 causat
553 3469 646 3525 inter·
694 3486 889 3545 ,quamquam
920 3469 1051 3532 Publius
1089 3479 1197 3557 paullo

153 3561 266 3623 ruptae
288 3568 358 3606 cunr
382 3545 489 3607 Crallo
515 3555 643 3610 coniun·
699 3547 770 3629 poll
789 3567 907 3629 patrem
928 3553 1119 3633 prolocutus
1143 3562 1197 3638 eti,

154 3631 289 3701 ctionir,
357 3637 539 3712 gratiaeque
594 3655 644 3694 re·
698 3655 768 3693 cum
792 3656 857 3715 quo
887 3642 980 3716 periit
1008 3644 1043 3701 in
1066 3644 1197 3708 Pnrtlrit.

154 3714 334 3773 enuntiatae
356 3715 520 3797 diligenter
547 3737 642 3798 expo·
697 3719 842 3779 Marcum
859 3738 961 3781 autem
983 3739 1015 3786 et
1037 3747 1115 3792 unte
1138 3731 1198 3795 hoc

143 3792 210 3859 luit
235 3798 451 3861 Solimiederur
487 3807 518 3860 in
547 3801 644 3863 libro:
700 3817 824 3883 ternpus
860 3822 892 3867 et
926 3806 998 3886 post
1035 3816 1072 3874 in
1095 3817 1199 3878 Gallie

152 3881 217 3957 laist.
232 3884 335 3957 plu'lol.
357 3880 575 3961 llemerlrungen
591 3907 646 3944 zur
701 3886 838 3949 Caesaris
873 3890 1076 3971 quaestorem
1111 3900 1198 3963 inille

155 3961 359 4044 Erlauternng
383 3972 437 4026 der
455 3964 557 4040 Briese
581 3968 644 4033 Cic.
699 3989 788 4051 patet
810 3996 846 4032 ex
869 3980 934 4035 einr
959 3995 1197 4048 commentariis

152 4055 192 4109 ad
223 4048 298 4114 Diu.
699 4056 840 4120 debello
858 4060 991 4126 Gallico.
1034 4065 1166 4135 libent.
