2506 4808
160 330 224 408 246
387 314 673 385 EPISTOLA
697 356 704 390 ,·
730 312 971 384 CXLVII-I.

163 506 365 578 retinendo:
407 527 470 591 qua
502 511 537 570 in
570 503 733 571 sententia
771 501 792 567 st
828 503 982 570 constare
1012 506 1245 583 voluissent,-

166 610 258 679 suam
277 615 513 674 auctoritatem
529 602 624 670 simul
638 628 715 672 cum
730 606 834 672 salute
850 626 925 670 mea
940 611 1221 697 recuperassent.

167 711 344 778 Recreatis
370 716 460 773 enim
485 711 582 772 bonis
601 712 684 772 viris
712 708 884 774 consulatu
897 721 977 781 tuo,
1003 722 1041 772 et
1062 711 1220 778 constan·

168 812 317 887 tisfimis,
345 824 444 894 atque
467 815 606 898 optimis
632 811 834 883 actionibus,
848 815 916 874 tuis
939 816 1132 887 excitatis,
1157 816 1220 893 Gn,

170 914 333 1002 Pompeio
354 911 552 1001 praesertim
572 910 613 974 ad
634 909 763 976 causam
780 911 958 983 adiuncto,
984 932 1101 994 quum
1120 921 1222 980 etiam

171 1014 309 1089 Caesar,
333 1016 453 1078 rebus
477 1017 633 1077 maximis
657 1010 773 1099 gestis,
811 1010 1038 1100 singularibus
1071 1030 1219 1084 ornatus

172 1128 207 1182 et
228 1122 327 1181 novis
350 1113 539 1180 honoribus
565 1135 603 1176 ac
624 1111 760 1177 iudiciis
785 1112 947 1185 senatuss
968 1114 1012 1176 ati
1032 1125 1220 1184 auctorita·-

171 1226 242 1282 tem
260 1223 332 1281 eius
356 1216 487 1281 ordinis
514 1198 773 1299 adiungeretur,
795 1212 877 1277 nulli
893 1217 1056 1300 improbo
1086 1223 1158 1285 civi
1178 1220 1221 1286 lo.

173 1338 233 1384 cus
261 1318 396 1381 adrem
420 1314 589 1401 publicam
613 1312 804 1387 violandum
830 1313 895 1378 else
924 1314 1105 1402 potuisset.
1155 1319 1222 1386 Sed

173 1415 330 1489 attende,
365 1415 506 1501 quael02
535 1436 619 1499 quae
645 1413 719 1479 sunt
742 1413 930 1481 consecuta.
974 1415 1145 1484 Primum
1168 1422 1222 1488 ille

173 1517 232 1582 fur
260 1515 475 1582 muliebrium
506 1517 727 1605 religionum,
765 1522 821 1599 qui
849 1539 918 1581 non
946 1515 1059 1603 pluris
1094 1523 1222 1588 fecerat

172 1615 303 1691 Bonam
319 1616 434 1691 deam,
457 1639 557 1702 quam
574 1623 636 1684 tris
658 1617 809 1693 sorores,
827 1623 1071 1707 impunitatem
1088 1621 1142 1688 est
1157 1625 1236 1690 illo.

835 1799 840 1812 θ

558 1823 827 1840 m

197 1957 387 2041 retinendo]
406 1961 531 2016 tenendo
548 1956 665 2018 Victor.

172 2038 278 2105 Lumb.
306 2042 380 2103 Poll.
403 2043 492 2105 Grut.
532 2047 574 2103 At
598 2046 667 2123 qui·

172 2126 247 2186 ilem
270 2129 342 2187 Msr.
361 2131 477 2186 tuendo.
520 2128 584 2188 sed
602 2144 667 2186 me·

174 2209 233 2270 lius
247 2210 288 2270 est
302 2215 473 2281 retinendo,
493 2227 527 2270 ut
543 2213 606 2271 Cic.
626 2210 666 2272 td

173 2297 238 2358 An.
248 2296 329 2356 Vlll.
339 2319 386 2375 ep.
400 2301 428 2361 3.
439 2299 489 2353 itte
496 2297 667 2371 restituendi

723 1961 777 2016 illa
792 1957 903 2029 furta,
939 1960 1034 2039 quod
1058 1964 1223 2031 Manutius

723 2050 830 2105 tenuit.
871 2046 1028 2106 Victorius
1059 2068 1080 2106 e
1114 2051 1224 2115 Bendi-

722 2127 795 2188 nelli
822 2133 999 2189 coniectura
1034 2133 1094 2190 illa
1119 2136 1224 2213 furia,

724 2212 813 2291 quotl
843 2214 931 2272 multi
972 2213 1091 2293 postea
1135 2221 1224 2284 secuti

723 2296 799 2357 lunt.
833 2299 962 2378 Optimo
977 2300 1162 2368 Lambinus
1179 2313 1224 2368 itte

175 2383 665 2458 meiquamretinendistudt'ost'or.
715 2380 792 2454 fur,
834 2383 922 2463 quod
957 2405 1028 2442 cum
1059 2390 1225 2476 Murtyni.

218 2471 359 2525 recreatis
368 2468 446 2524 euim
455 2468 535 2522 bonis
544 2467 616 2523 viris
632 2503 662 2512 -

171 2544 315 2608 ¹ttx'ct‘tutis
359 2546 665 2632 adiuncto,qurtrn-'-·]

172 2636 282 2718 Vulgo
325 2635 494 2696 edebatur:
540 2637 667 2695 recreati

174 2725 255 2777 raim
270 2723 337 2776 boni
353 2723 412 2778 uiri
432 2759 464 2769 ο
484 2723 609 2781 excitati
626 2754 666 2785 ·-,

176 2807 326 2866 adiuncto.
353 2805 461 2886 Quum.
505 2805 666 2865 Sedrecte

174 2888 305 2950 restituit
337 2890 487 2950 Graevius
525 2892 666 2948 recreatis

176 2976 257 3032 bonis
294 2977 366 3032 viris
390 2992 447 3034 etc.
484 2990 516 3034 et
551 2975 666 3033 deinde

175 3074 268 3140 quum
287 3064 378 3116 etiam
396 3058 505 3134 Caesar
529 3060 666 3119 adiunxit

171 3143 404 3216 superioribus,
430 3165 527 3226 quum
547 3150 579 3204 in
601 3145 666 3204 uliio

174 3225 251 3288 elset
284 3250 343 3306 per
383 3235 666 3308 interpunctionem

174 3317 339 3374 maximnm
355 3314 548 3375 disiunctum.
586 3317 666 3374 Sene

178 3397 385 3458 ablativorum
417 3401 591 3479 frequentin
625 3396 669 3457 est

176 3483 303 3558 durior3
341 3483 392 3542 sed
422 3481 608 3544 constructio
637 3499 668 3542 et

170 3565 276 3628 sensus
315 3567 405 3627 aliter
439 3588 505 3626 non
540 3565 667 3629 constet.

175 3653 226 3711 Sic
242 3648 284 3710 est
301 3668 332 3711 et
348 3657 378 3712 in
394 3653 453 3711 Ms.
466 3653 527 3710 Gu.
541 3647 668 3727 Ernesti.

220 3739 375 3794 honoribus
387 3757 421 3792 ac
438 3735 576 3818 iudiciis]
600 3735 630 3794 su
637 3758 669 3815 p·

175 3820 347 3900 plicatione
388 3822 565 3900 quindecim
604 3823 670 3880 die-

165 3917 268 3974 rum.
311 3903 465 3982 stipendio
501 3909 667 3974 exercitur,

165 3989 286 4050 -decem
303 3989 423 4070 legatis,
444 3991 496 4064 (cs.
516 4011 564 4068 ep.
587 3994 669 4068 ¹¹5)

206 4075 271 4132 -ilte
282 4073 374 4157 fur]¹
402 4074 501 4134 Olim.
518 4074 671 4136 edebatur

723 2469 850 2549 Legunt
873 2464 1072 2531 restituimus.
1157 2487 1160 2493 ⁴

734 2591 738 2598 .
766 2565 826 2609 tres
835 2551 977 2634 sorores]
999 2555 1085 2616 dues
1104 2582 1224 2643 germa-

722 2657 788 2705 nas,
814 2657 944 2717 quorum
961 2643 1064 2699 altere
1078 2645 1223 2715 Lucullo.

719 2722 819 2780 ultore
865 2741 948 2802 quae
989 2722 1224 2803 Quadrantart'a

723 2805 942 2887 appellabatur
956 2807 1099 2873 Metello
1118 2816 1224 2898 nupse

722 2907 792 2964 που
845 2895 969 2951 tertiam
1022 2902 1222 2974 patruelem,

725 2977 833 3036 Marcii
850 2977 947 3056 Regio
967 2997 1122 3046 uxorem.
1160 2987 1225 3048 Plu·

717 3059 821 3121 teresi.
847 3065 896 3119 vit.
917 3061 980 3119 Cic.

730 3165 734 3189 -·
767 3145 1002 3229 impunitatem]
1065 3150 1224 3216 Restilmo

726 3231 893 3300 Cicerone,
935 3251 1036 3310 quum
1071 3241 1144 3300 eius
1174 3242 1227 3301 do·

723 3335 791 3372 mus
815 3337 849 3372 ex
873 3314 991 3375 senatus
1012 3320 1169 3384 consulto
1183 3347 1228 3384 re·

724 3398 885 3472 ficeretur,
915 3401 1036 3478 expulsi
1062 3427 1081 3466 a
1109 3409 1227 3472 Clodio

724 3484 805 3542 labri
829 3485 869 3542 de
890 3505 962 3543 areu
985 3485 1075 3560 sunt;
1118 3497 1231 3556 distur-

725 3569 796 3627 bute
820 3575 958 3647 porticus
985 3573 1116 3649 Catuli,
1152 3600 1231 3662 quoe

725 3652 788 3732 ipse
806 3675 935 3732 quoque
951 3675 986 3713 ex
1007 3655 1141 3724 senatus
1161 3688 1233 3728 con·

725 3737 805 3798 sulto
833 3737 1035 3801 reficiebatur
1058 3762 1094 3806 et
1122 3752 1166 3810 ed
1193 3771 1235 3813 te·

727 3839 810 3883 ctum
837 3843 937 3900 paene
952 3845 1175 3914 pervenernt3
1196 3839 1236 3919 Q.

721 3909 885 3967 -Ciceronis
906 3910 1023 3972 domus
1044 3924 1162 3994 primo
1179 3928 1236 3985 [η.

727 4009 776 4051 ctn
794 3998 934 4052 coniectu
949 3994 1124 4078 lapidum,
1151 4010 1239 4072 dum.

725 4077 770 4138 de
785 4077 986 4161 inflammata.
1033 4085 1164 4175 Neque
1183 4095 1242 4158 huc
