<?xml version="1.0" encoding="UTF-8"?>
<!DOCTYPE html PUBLIC "-//W3C//DTD XHTML 1.0 Transitional//EN"
    "http://www.w3.org/TR/xhtml1/DTD/xhtml1-transitional.dtd">
<html xmlns="http://www.w3.org/1999/xhtml" xml:lang="en" lang="en">
 <head>
  <title>
</title>
<meta http-equiv="Content-Type" content="text/html;charset=utf-8" />
  <meta name='ocr-system' content='tesseract 3.04.00' />
  <meta name='ocr-capabilities' content='ocr_page ocr_carea ocr_par ocr_line ocrx_word'/>
</head>
<body>
  <div class='ocr_page' id='page_1' title='image "./mtciceronisepis00billgoog/mtciceronisepis00billgoog_0531.png"; bbox 0 0 2580 4792; ppageno 0'>
   <div class='ocr_carea' id='block_1_1' title="bbox 139 301 960 390">
    <p class='ocr_par' dir='ltr' id='par_1_1' title="bbox 139 301 960 390">
     <span class='ocr_line' id='line_1_1' title="bbox 139 301 960 390; baseline 0 -20"><span class='ocrx_word' id='word_1_1' title='bbox 139 311 204 390; x_wconf 62' lang='lat' dir='ltr'>nt</span> <span class='ocrx_word' id='word_1_2' title='bbox 345 301 626 374; x_wconf 78' lang='lat' dir='ltr'>nrtsronn</span> <span class='ocrx_word' id='word_1_3' title='bbox 683 303 960 373; x_wconf 85' lang='lat' dir='ltr'>cxxxvm.</span> 
     </span>
    </p>
   </div>
   <div class='ocr_carea' id='block_1_2' title="bbox 100 491 1173 1289">
    <p class='ocr_par' dir='ltr' id='par_1_2' title="bbox 100 491 1173 1289">
     <span class='ocr_line' id='line_1_2' title="bbox 141 491 1167 587; baseline -0.003 -25"><span class='ocrx_word' id='word_1_4' title='bbox 141 493 376 587; x_wconf 63' lang='lat' dir='ltr'>producendo.</span> <span class='ocrx_word' id='word_1_5' title='bbox 423 492 491 566; x_wconf 88' lang='lat' dir='ltr'>Tu,</span> <span class='ocrx_word' id='word_1_6' title='bbox 511 493 795 577; x_wconf 85' lang='lat' dir='ltr'>quemadmodum</span> <span class='ocrx_word' id='word_1_7' title='bbox 810 491 941 565; x_wconf 86' lang='lat' dir='ltr'>scribis,</span> <span class='ocrx_word' id='word_1_8' title='bbox 966 492 1167 575; x_wconf 83' lang='lat' dir='ltr'>quodetiam</span> 
     </span>
     <span class='ocr_line' id='line_1_3' title="bbox 141 591 1168 685; baseline -0.007 -19"><span class='ocrx_word' id='word_1_9' title='bbox 141 596 164 666; x_wconf 83' lang='lat' dir='ltr'>fi</span> <span class='ocrx_word' id='word_1_10' title='bbox 187 620 256 664; x_wconf 89' lang='lat' dir='ltr'>nou</span> <span class='ocrx_word' id='word_1_11' title='bbox 274 595 457 668; x_wconf 80' lang='lat' dir='ltr'><strong>scriberes,</strong></span> <span class='ocrx_word' id='word_1_12' title='bbox 491 595 601 660; x_wconf 87' lang='lat' dir='ltr'>faeere</span> <span class='ocrx_word' id='word_1_13' title='bbox 623 608 657 659; x_wconf 89' lang='lat' dir='ltr'>te</span> <span class='ocrx_word' id='word_1_14' title='bbox 681 591 924 685; x_wconf 86' lang='lat' dir='ltr'>diligentissime</span> <span class='ocrx_word' id='word_1_15' title='bbox 948 606 1072 681; x_wconf 47' lang='lat' dir='ltr'>tamen,</span> <span class='ocrx_word' id='word_1_16' title='bbox 1095 593 1168 659; x_wconf 88' lang='lat' dir='ltr'>scie·</span> 
     </span>
     <span class='ocr_line' id='line_1_4' title="bbox 139 695 1169 784; baseline -0.006 -19"><span class='ocrx_word' id='word_1_17' title='bbox 139 701 236 772; x_wconf 82' lang='lat' dir='ltr'>bam&#39;,</span> <span class='ocrx_word' id='word_1_18' title='bbox 265 697 368 784; x_wconf 75' lang='lat' dir='ltr'>facies</span> <span class='ocrx_word' id='word_1_19' title='bbox 407 695 549 770; x_wconf 87' lang='lat' dir='ltr'>seilicet,</span> <span class='ocrx_word' id='word_1_20' title='bbox 575 708 613 762; x_wconf 89' lang='lat' dir='ltr'>ut</span> <span class='ocrx_word' id='word_1_21' title='bbox 635 718 709 771; x_wconf 86' lang='lat' dir='ltr'>mea</span> <span class='ocrx_word' id='word_1_22' title='bbox 730 695 885 759; x_wconf 87' lang='lat' dir='ltr'>mandata</span> <span class='ocrx_word' id='word_1_23' title='bbox 909 695 1068 782; x_wconf 80' lang='lat' dir='ltr'>digeras,</span> <span class='ocrx_word' id='word_1_24' title='bbox 1096 717 1169 784; x_wconf 90' lang='lat' dir='ltr'>per·</span> 
     </span>
     <span class='ocr_line' id='line_1_5' title="bbox 100 784 1167 884; baseline -0.005 -16"><span class='ocrx_word' id='word_1_25' title='bbox 100 784 106 798; x_wconf 51' lang='lat'><em>⁶</em></span> <span class='ocrx_word' id='word_1_26' title='bbox 139 801 295 884; x_wconf 83' lang='lat' dir='ltr'>sequare,</span> <span class='ocrx_word' id='word_1_27' title='bbox 318 796 487 864; x_wconf 86' lang='lat' dir='ltr'>conficias.</span> <span class='ocrx_word' id='word_1_28' title='bbox 528 797 620 884; x_wconf 82' lang='lat' dir='ltr'>Ego,</span> <span class='ocrx_word' id='word_1_29' title='bbox 638 820 739 881; x_wconf 92' lang='lat' dir='ltr'>quum</span> <span class='ocrx_word' id='word_1_30' title='bbox 761 796 903 861; x_wconf 86' lang='lat' dir='ltr'>Romam</span> <span class='ocrx_word' id='word_1_31' title='bbox 928 820 1077 873; x_wconf 81' lang='lat' dir='ltr'>venem,</span> <span class='ocrx_word' id='word_1_32' title='bbox 1097 797 1167 864; x_wconf 88' lang='lat' dir='ltr'>nul·</span> 
     </span>
     <span class='ocr_line' id='line_1_6' title="bbox 136 896 1166 987; baseline -0.005 -18"><span class='ocrx_word' id='word_1_33' title='bbox 136 901 214 969; x_wconf 83' lang='lat' dir='ltr'>sum</span> <span class='ocrx_word' id='word_1_34' title='bbox 228 906 495 987; x_wconf 80' lang='lat' dir='ltr'>praetermittam</span> <span class='ocrx_word' id='word_1_35' title='bbox 510 896 656 965; x_wconf 83' lang='lat' dir='ltr'>Caesaris</span> <span class='ocrx_word' id='word_1_36' title='bbox 670 898 899 972; x_wconf 77' lang='lat' dir='ltr'>tabellarium,</span> <span class='ocrx_word' id='word_1_37' title='bbox 918 905 973 964; x_wconf 89' lang='lat' dir='ltr'>cui</span> <span class='ocrx_word' id='word_1_38' title='bbox 988 899 1107 965; x_wconf 77' lang='lat' dir='ltr'>literas</span> <span class='ocrx_word' id='word_1_39' title='bbox 1127 899 1166 967; x_wconf 80' lang='lat' dir='ltr'>ad</span> 
     </span>
     <span class='ocr_line' id='line_1_7' title="bbox 135 997 1166 1084; baseline -0.005 -15"><span class='ocrx_word' id='word_1_40' title='bbox 135 1013 178 1069; x_wconf 82' lang='lat' dir='ltr'>-te</span> <span class='ocrx_word' id='word_1_41' title='bbox 197 1018 266 1071; x_wconf 82' lang='lat' dir='ltr'>uon</span> <span class='ocrx_word' id='word_1_42' title='bbox 286 1002 376 1067; x_wconf 89' lang='lat' dir='ltr'>dem.</span> <span class='ocrx_word' id='word_1_43' title='bbox 419 1001 483 1066; x_wconf 88' lang='lat' dir='ltr'>His</span> <span class='ocrx_word' id='word_1_44' title='bbox 506 1001 624 1065; x_wconf 86' lang='lat' dir='ltr'>diebus</span> <span class='ocrx_word' id='word_1_45' title='bbox 647 997 841 1084; x_wconf 81' lang='lat' dir='ltr'>(ignosces)</span> <span class='ocrx_word' id='word_1_46' title='bbox 870 1005 925 1065; x_wconf 90' lang='lat' dir='ltr'>cui</span> <span class='ocrx_word' id='word_1_47' title='bbox 945 999 1084 1075; x_wconf 86' lang='lat' dir='ltr'>darem,</span> <span class='ocrx_word' id='word_1_48' title='bbox 1101 1002 1166 1067; x_wconf 77' lang='lat' dir='ltr'>tuit</span> 
     </span>
     <span class='ocr_line' id='line_1_8' title="bbox 139 1095 1165 1182; baseline -0.002 -14"><span class='ocrx_word' id='word_1_49' title='bbox 139 1122 240 1169; x_wconf 86' lang='lat' dir='ltr'>nemo</span> <span class='ocrx_word' id='word_1_50' title='bbox 263 1114 339 1165; x_wconf 88' lang='lat' dir='ltr'>ante</span> <span class='ocrx_word' id='word_1_51' title='bbox 358 1100 449 1165; x_wconf 92' lang='lat' dir='ltr'>hunc</span> <span class='ocrx_word' id='word_1_52' title='bbox 466 1100 515 1165; x_wconf 85' lang='lat' dir='ltr'>M.</span> <span class='ocrx_word' id='word_1_53' title='bbox 534 1095 682 1173; x_wconf 77' lang='lat' dir='ltr'>Ortum,</span> <span class='ocrx_word' id='word_1_54' title='bbox 708 1105 853 1182; x_wconf 88' lang='lat' dir='ltr'>equitem</span> <span class='ocrx_word' id='word_1_55' title='bbox 868 1097 1083 1175; x_wconf 82' lang='lat' dir='ltr'>Romanum,</span> <span class='ocrx_word' id='word_1_56' title='bbox 1109 1123 1165 1169; x_wconf 87' lang='lat' dir='ltr'>uo·</span> 
     </span>
     <span class='ocr_line' id='line_1_9' title="bbox 139 1199 1173 1289; baseline -0.004 -20"><span class='ocrx_word' id='word_1_57' title='bbox 139 1203 247 1269; x_wconf 86' lang='lat' dir='ltr'>strum</span> <span class='ocrx_word' id='word_1_58' title='bbox 274 1215 308 1267; x_wconf 91' lang='lat' dir='ltr'>et</span> <span class='ocrx_word' id='word_1_59' title='bbox 335 1199 635 1288; x_wconf 87' lang='lat' dir='ltr'>pernecessarium,</span> <span class='ocrx_word' id='word_1_60' title='bbox 672 1211 707 1264; x_wconf 90' lang='lat' dir='ltr'>et</span> <span class='ocrx_word' id='word_1_61' title='bbox 728 1201 819 1283; x_wconf 90' lang='lat' dir='ltr'>quod</span> <span class='ocrx_word' id='word_1_62' title='bbox 843 1200 890 1264; x_wconf 91' lang='lat' dir='ltr'>est</span> <span class='ocrx_word' id='word_1_63' title='bbox 915 1223 958 1266; x_wconf 81' lang='lat' dir='ltr'>ex</span> <span class='ocrx_word' id='word_1_64' title='bbox 981 1207 1173 1289; x_wconf 72' lang='lat' dir='ltr'>municipio·</span> 
     </span>
    </p>
   </div>
   <div class='ocr_carea' id='block_1_3' title="bbox 32 1295 1175 2002">
    <p class='ocr_par' dir='ltr' id='par_1_3' title="bbox 32 1295 1175 2002">
     <span class='ocr_line' id='line_1_10' title="bbox 139 1295 1175 1388; baseline -0.001 -21"><span class='ocrx_word' id='word_1_65' title='bbox 139 1301 315 1373; x_wconf 87' lang='lat' dir='ltr'>Atellano:</span> <span class='ocrx_word' id='word_1_66' title='bbox 344 1299 434 1382; x_wconf 82' lang='lat' dir='ltr'>qnod</span> <span class='ocrx_word' id='word_1_67' title='bbox 455 1299 518 1366; x_wconf 86' lang='lat' dir='ltr'>scis</span> <span class='ocrx_word' id='word_1_68' title='bbox 542 1297 664 1363; x_wconf 79' lang='lat' dir='ltr'>esseio</span> <span class='ocrx_word' id='word_1_69' title='bbox 687 1295 898 1367; x_wconf 84' lang='lat' dir='ltr'>fidenostra.</span> <span class='ocrx_word' id='word_1_70' title='bbox 940 1303 1060 1388; x_wconf 87' lang='lat' dir='ltr'>Itaque</span> <span class='ocrx_word' id='word_1_71' title='bbox 1089 1322 1175 1368; x_wconf 46' lang='lat' dir='ltr'>eum*</span> 
     </span>
     <span class='ocr_line' id='line_1_11' title="bbox 138 1398 1164 1489; baseline -0.002 -21"><span class='ocrx_word' id='word_1_72' title='bbox 138 1408 203 1489; x_wconf 82' lang='lat' dir='ltr'>tibi</span> <span class='ocrx_word' id='word_1_73' title='bbox 226 1404 428 1483; x_wconf 82' lang='lat' dir='ltr'>commendo</span> <span class='ocrx_word' id='word_1_74' title='bbox 453 1406 490 1466; x_wconf 89' lang='lat' dir='ltr'>iu</span> <span class='ocrx_word' id='word_1_75' title='bbox 509 1398 671 1466; x_wconf 86' lang='lat' dir='ltr'>maiorem</span> <span class='ocrx_word' id='word_1_76' title='bbox 696 1402 852 1479; x_wconf 89' lang='lat' dir='ltr'>modum,</span> <span class='ocrx_word' id='word_1_77' title='bbox 873 1401 1050 1469; x_wconf 91' lang='lat' dir='ltr'>hominem</span> <span class='ocrx_word' id='word_1_78' title='bbox 1074 1404 1164 1469; x_wconf 90' lang='lat' dir='ltr'>domi</span> 
     </span>
     <span class='ocr_line' id='line_1_12' title="bbox 137 1498 1162 1595; baseline 0 -25"><span class='ocrx_word' id='word_1_79' title='bbox 137 1502 366 1595; x_wconf 86' lang='lat' dir='ltr'>splendidum,</span> <span class='ocrx_word' id='word_1_80' title='bbox 389 1498 567 1588; x_wconf 79' lang='lat' dir='ltr'>gratiosum</span> <span class='ocrx_word' id='word_1_81' title='bbox 586 1506 686 1566; x_wconf 86' lang='lat' dir='ltr'>etiam</span> <span class='ocrx_word' id='word_1_82' title='bbox 701 1515 796 1567; x_wconf 85' lang='lat' dir='ltr'>extra</span> <span class='ocrx_word' id='word_1_83' title='bbox 809 1503 965 1570; x_wconf 88' lang='lat' dir='ltr'>domum:</span> <span class='ocrx_word' id='word_1_84' title='bbox 990 1526 1093 1591; x_wconf 87' lang='lat' dir='ltr'>quem</span> <span class='ocrx_word' id='word_1_85' title='bbox 1111 1507 1162 1573; x_wconf 87' lang='lat' dir='ltr'>fac</span> 
     </span>
     <span class='ocr_line' id='line_1_13' title="bbox 133 1601 1162 1689; baseline -0.001 -17"><span class='ocrx_word' id='word_1_86' title='bbox 133 1606 176 1672; x_wconf 78' lang='lat' dir='ltr'>&#39;ut</span> <span class='ocrx_word' id='word_1_87' title='bbox 197 1616 254 1672; x_wconf 86' lang='lat' dir='ltr'>tua</span> <span class='ocrx_word' id='word_1_88' title='bbox 275 1602 472 1670; x_wconf 86' lang='lat' dir='ltr'>liberalitate</span> <span class='ocrx_word' id='word_1_89' title='bbox 493 1602 556 1666; x_wconf 82' lang='lat' dir='ltr'>tibi</span> <span class='ocrx_word' id='word_1_90' title='bbox 578 1601 721 1689; x_wconf 88' lang='lat' dir='ltr'>obliges.</span> <span class='ocrx_word' id='word_1_91' title='bbox 765 1601 821 1667; x_wconf 90' lang='lat' dir='ltr'>Est</span> <span class='ocrx_word' id='word_1_92' title='bbox 842 1608 1002 1674; x_wconf 87' lang='lat' dir='ltr'>tribunus</span> <span class='ocrx_word' id='word_1_93' title='bbox 1018 1607 1162 1673; x_wconf 91' lang='lat' dir='ltr'>militum</span> 
     </span>
     <span class='ocr_line' id='line_1_14' title="bbox 32 1701 1162 1782; baseline -0.001 -8"><span class='ocrx_word' id='word_1_94' title='bbox 32 1720 35 1725; x_wconf 83' lang='grc'>’</span> <span class='ocrx_word' id='word_1_95' title='bbox 137 1710 174 1775; x_wconf 84' lang='lat' dir='ltr'>in</span> <span class='ocrx_word' id='word_1_96' title='bbox 198 1709 348 1774; x_wconf 85' lang='lat' dir='ltr'>exercitu</span> <span class='ocrx_word' id='word_1_97' title='bbox 368 1701 493 1768; x_wconf 86' lang='lat' dir='ltr'>nostro.</span> <span class='ocrx_word' id='word_1_98' title='bbox 538 1701 681 1768; x_wconf 86' lang='lat' dir='ltr'>Gratum</span> <span class='ocrx_word' id='word_1_99' title='bbox 704 1703 895 1782; x_wconf 89' lang='lat' dir='ltr'>hominem,</span> <span class='ocrx_word' id='word_1_100' title='bbox 917 1707 1162 1775; x_wconf 86' lang='lat' dir='ltr'>observantem-</span> 
     </span>
     <span class='ocr_line' id='line_1_15' title="bbox 127 1801 1160 1899; baseline 0.004 -27"><span class='ocrx_word' id='word_1_101' title='bbox 127 1807 203 1899; x_wconf 85' lang='lat' dir='ltr'>¹que</span> <span class='ocrx_word' id='word_1_102' title='bbox 220 1805 414 1894; x_wconf 79' lang='lat' dir='ltr'>cognosces.</span> <span class='ocrx_word' id='word_1_103' title='bbox 458 1801 661 1870; x_wconf 88' lang='lat' dir='ltr'>Trebatium</span> <span class='ocrx_word' id='word_1_104' title='bbox 680 1818 719 1873; x_wconf 88' lang='lat' dir='ltr'>ut</span> <span class='ocrx_word' id='word_1_105' title='bbox 735 1805 831 1874; x_wconf 78' lang='lat' dir='ltr'>valde</span> <span class='ocrx_word' id='word_1_106' title='bbox 848 1827 961 1884; x_wconf 81' lang='lat' dir='ltr'>ames,</span> <span class='ocrx_word' id='word_1_107' title='bbox 984 1806 1160 1878; x_wconf 82' lang='lat' dir='ltr'>veliemen-</span> 
     </span>
     <span class='ocr_line' id='line_1_16' title="bbox 139 1906 581 2002; baseline -0.014 -25"><span class='ocrx_word' id='word_1_108' title='bbox 139 1921 193 1977; x_wconf 84' lang='lat' dir='ltr'>ter</span> <span class='ocrx_word' id='word_1_109' title='bbox 209 1920 243 1972; x_wconf 92' lang='lat' dir='ltr'>te</span> <span class='ocrx_word' id='word_1_110' title='bbox 262 1929 357 2002; x_wconf 84' lang='lat' dir='ltr'>rogo.</span> <span class='ocrx_word' id='word_1_111' title='bbox 398 1906 493 1978; x_wconf 86' lang='lat' dir='ltr'>Vale.</span> <span class='ocrx_word' id='word_1_112' title='bbox 579 1996 581 2001; x_wconf 67' lang='lat'>,</span> 
     </span>
    </p>
   </div>
   <div class='ocr_carea' id='block_1_4' title="bbox 518 2083 785 2101">
    <p class='ocr_par' dir='ltr' id='par_1_4' title="bbox 518 2083 785 2101">
     <span class='ocr_line' id='line_1_17' title="bbox 518 2083 785 2101; baseline -0.004 0"><span class='ocrx_word' id='word_1_113' title='bbox 518 2083 785 2101; x_wconf 58' lang='lat' dir='ltr'><strong><em>m</em></strong></span> 
     </span>
    </p>
   </div>
   <div class='ocr_carea' id='block_1_5' title="bbox 128 2197 1159 2624">
    <p class='ocr_par' dir='ltr' id='par_1_5' title="bbox 128 2197 1158 2463">
     <span class='ocr_line' id='line_1_18' title="bbox 136 2197 1157 2297; baseline -0.004 -22"><span class='ocrx_word' id='word_1_114' title='bbox 136 2230 178 2279; x_wconf 79' lang='lat' dir='ltr'>ne</span> <span class='ocrx_word' id='word_1_115' title='bbox 217 2204 365 2297; x_wconf 81' lang='lat' dir='ltr'>glossema</span> <span class='ocrx_word' id='word_1_116' title='bbox 411 2208 503 2267; x_wconf 86' lang='lat' dir='ltr'>suerit</span> <span class='ocrx_word' id='word_1_117' title='bbox 523 2197 647 2269; x_wconf 66' lang='lat' dir='ltr'>&#39;adds&#39;</span> <span class='ocrx_word' id='word_1_118' title='bbox 675 2205 745 2268; x_wconf 86' lang='lat' dir='ltr'>sana</span> <span class='ocrx_word' id='word_1_119' title='bbox 779 2203 838 2278; x_wconf 87' lang='lat' dir='ltr'>est,</span> <span class='ocrx_word' id='word_1_120' title='bbox 880 2205 1028 2291; x_wconf 76' lang='lat' dir='ltr'>significat</span> <span class='ocrx_word' id='word_1_121' title='bbox 1064 2209 1157 2271; x_wconf 82' lang='lat' dir='ltr'>filium</span> 
     </span>
     <span class='ocr_line' id='line_1_19' title="bbox 136 2292 1158 2369; baseline -0.003 -10"><span class='ocrx_word' id='word_1_122' title='bbox 136 2315 204 2363; x_wconf 86' lang='lat' dir='ltr'>tum</span> <span class='ocrx_word' id='word_1_123' title='bbox 226 2296 267 2357; x_wconf 83' lang='lat' dir='ltr'>ad</span> <span class='ocrx_word' id='word_1_124' title='bbox 295 2292 372 2354; x_wconf 90' lang='lat' dir='ltr'>illud</span> <span class='ocrx_word' id='word_1_125' title='bbox 403 2293 511 2368; x_wconf 78' lang='lat' dir='ltr'>nostro.</span> <span class='ocrx_word' id='word_1_126' title='bbox 556 2293 620 2351; x_wconf 89' lang='lat' dir='ltr'>Cur</span> <span class='ocrx_word' id='word_1_127' title='bbox 675 2312 778 2352; x_wconf 89' lang='lat' dir='ltr'>meum</span> <span class='ocrx_word' id='word_1_128' title='bbox 797 2292 903 2351; x_wconf 88' lang='lat' dir='ltr'>adme</span> <span class='ocrx_word' id='word_1_129' title='bbox 921 2296 1085 2369; x_wconf 81' lang='lat' dir='ltr'>vocando,</span> <span class='ocrx_word' id='word_1_130' title='bbox 1125 2311 1158 2356; x_wconf 90' lang='lat' dir='ltr'>ut</span> 
     </span>
     <span class='ocr_line' id='line_1_20' title="bbox 128 2374 1055 2463; baseline -0.003 -19"><span class='ocrx_word' id='word_1_131' title='bbox 128 2387 221 2447; x_wconf 83' lang='lat' dir='ltr'>&#39;euim</span> <span class='ocrx_word' id='word_1_132' title='bbox 237 2401 332 2463; x_wconf 88' lang='lat' dir='ltr'>quum</span> <span class='ocrx_word' id='word_1_133' title='bbox 350 2377 389 2438; x_wconf 87' lang='lat' dir='ltr'>ad</span> <span class='ocrx_word' id='word_1_134' title='bbox 412 2379 535 2437; x_wconf 83' lang='lat' dir='ltr'>srotrem</span> <span class='ocrx_word' id='word_1_135' title='bbox 553 2374 620 2437; x_wconf 89' lang='lat' dir='ltr'>scri·</span> <span class='ocrx_word' id='word_1_136' title='bbox 669 2377 746 2438; x_wconf 83' lang='lat' dir='ltr'>&#39;eum</span> <span class='ocrx_word' id='word_1_137' title='bbox 770 2375 834 2455; x_wconf 86' lang='lat' dir='ltr'>ipse</span> <span class='ocrx_word' id='word_1_138' title='bbox 857 2374 1055 2442; x_wconf 86' lang='lat' dir='ltr'>instituerem.</span> 
     </span>
    </p>

    <p class='ocr_par' dir='ltr' id='par_1_6' title="bbox 136 2459 1159 2624">
     <span class='ocr_line' id='line_1_21' title="bbox 136 2459 1159 2547; baseline -0.006 -17"><span class='ocrx_word' id='word_1_139' title='bbox 136 2459 500 2547; x_wconf 82' lang='lat' dir='ltr'>bat‚adiungatrninere?</span> <span class='ocrx_word' id='word_1_140' title='bbox 515 2479 619 2522; x_wconf 88' lang='lat' dir='ltr'>nonne</span> <span class='ocrx_word' id='word_1_141' title='bbox 718 2460 852 2546; x_wconf 77' lang='lat' dir='ltr'>digeras]</span> <span class='ocrx_word' id='word_1_142' title='bbox 868 2463 1003 2536; x_wconf 83' lang='lat' dir='ltr'>ordinet,</span> <span class='ocrx_word' id='word_1_143' title='bbox 1019 2464 1159 2547; x_wconf 89' lang='lat' dir='ltr'>nequod</span> 
     </span>
     <span class='ocr_line' id='line_1_22' title="bbox 136 2545 1156 2624; baseline -0.007 -7"><span class='ocrx_word' id='word_1_144' title='bbox 136 2554 205 2617; x_wconf 85' lang='lat' dir='ltr'>satit</span> <span class='ocrx_word' id='word_1_145' title='bbox 221 2551 316 2612; x_wconf 84' lang='lat' dir='ltr'>silium</span> <span class='ocrx_word' id='word_1_146' title='bbox 339 2546 424 2607; x_wconf 88' lang='lat' dir='ltr'>suum</span> <span class='ocrx_word' id='word_1_147' title='bbox 440 2547 477 2606; x_wconf 83' lang='lat' dir='ltr'>ab</span> <span class='ocrx_word' id='word_1_148' title='bbox 491 2545 569 2604; x_wconf 79' lang='lat' dir='ltr'>illiue</span> <span class='ocrx_word' id='word_1_149' title='bbox 586 2545 620 2605; x_wconf 82' lang='lat' dir='ltr'>fi·</span> <span class='ocrx_word' id='word_1_150' title='bbox 677 2545 876 2606; x_wconf 80' lang='lat' dir='ltr'>elabaturaut</span> <span class='ocrx_word' id='word_1_151' title='bbox 887 2555 1156 2624; x_wconf 79' lang='lat' dir='ltr'>praetermittatur.</span> 
     </span>
    </p>
   </div>
   <div class='ocr_carea' id='block_1_6' title="bbox 94 2620 619 3815">
    <p class='ocr_par' dir='ltr' id='par_1_7' title="bbox 94 2620 619 3815">
     <span class='ocr_line' id='line_1_23' title="bbox 135 2620 618 2711; baseline -0.021 -10"><span class='ocrx_word' id='word_1_152' title='bbox 135 2620 182 2701; x_wconf 80' lang='lat' dir='ltr'>lid</span> <span class='ocrx_word' id='word_1_153' title='bbox 205 2635 351 2701; x_wconf 83' lang='lat' dir='ltr'>distinxit,</span> <span class='ocrx_word' id='word_1_154' title='bbox 387 2651 482 2711; x_wconf 89' lang='lat' dir='ltr'>quum</span> <span class='ocrx_word' id='word_1_155' title='bbox 504 2630 544 2688; x_wconf 92' lang='lat' dir='ltr'>de</span> <span class='ocrx_word' id='word_1_156' title='bbox 563 2628 618 2691; x_wconf 88' lang='lat' dir='ltr'>suo</span> 
     </span>
     <span class='ocr_line' id='line_1_24' title="bbox 136 2715 618 2799; baseline -0.027 -16"><span class='ocrx_word' id='word_1_157' title='bbox 136 2723 211 2783; x_wconf 80' lang='lat' dir='ltr'>dixit</span> <span class='ocrx_word' id='word_1_158' title='bbox 221 2723 328 2799; x_wconf 75' lang='lat' dir='ltr'>nostro,</span> <span class='ocrx_word' id='word_1_159' title='bbox 346 2716 385 2775; x_wconf 78' lang='lat' dir='ltr'>de</span> <span class='ocrx_word' id='word_1_160' title='bbox 401 2716 456 2775; x_wconf 85' lang='lat' dir='ltr'>illo</span> <span class='ocrx_word' id='word_1_161' title='bbox 470 2715 618 2771; x_wconf 75' lang='lat' dir='ltr'>sanun?-</span> 
     </span>
     <span class='ocr_line' id='line_1_25' title="bbox 135 2799 619 2878; baseline -0.012 -12"><span class='ocrx_word' id='word_1_162' title='bbox 135 2801 256 2866; x_wconf 82' lang='lat' dir='ltr'>Mannt.</span> <span class='ocrx_word' id='word_1_163' title='bbox 313 2801 410 2859; x_wconf 86' lang='lat' dir='ltr'>Recte</span> <span class='ocrx_word' id='word_1_164' title='bbox 441 2800 565 2878; x_wconf 88' lang='lat' dir='ltr'>quidem</span> <span class='ocrx_word' id='word_1_165' title='bbox 596 2799 619 2860; x_wconf 87' lang='lat' dir='ltr'>st</span> 
     </span>
     <span class='ocr_line' id='line_1_26' title="bbox 135 2884 618 2970; baseline -0.021 -19"><span class='ocrx_word' id='word_1_166' title='bbox 135 2891 177 2951; x_wconf 84' lang='lat' dir='ltr'>de</span> <span class='ocrx_word' id='word_1_167' title='bbox 193 2889 300 2970; x_wconf 83' lang='lat' dir='ltr'>Quinti</span> <span class='ocrx_word' id='word_1_168' title='bbox 315 2884 380 2944; x_wconf 82' lang='lat' dir='ltr'>silio</span> <span class='ocrx_word' id='word_1_169' title='bbox 403 2900 521 2943; x_wconf 83' lang='lat' dir='ltr'>tantum</span> <span class='ocrx_word' id='word_1_170' title='bbox 537 2896 618 2941; x_wconf 84' lang='lat' dir='ltr'>tunm</span> 
     </span>
     <span class='ocr_line' id='line_1_27' title="bbox 121 2966 617 3054; baseline -0.016 -18"><span class='ocrx_word' id='word_1_171' title='bbox 121 2969 300 3054; x_wconf 74' lang='lat' dir='ltr'>scripsisset.</span> <span class='ocrx_word' id='word_1_172' title='bbox 331 2966 497 3047; x_wconf 83' lang='lat' dir='ltr'>Scripseret</span> <span class='ocrx_word' id='word_1_173' title='bbox 514 2987 617 3054; x_wconf 85' lang='lat' dir='ltr'>autem</span> 
     </span>
     <span class='ocr_line' id='line_1_28' title="bbox 138 3056 616 3136; baseline -0.013 -18"><span class='ocrx_word' id='word_1_174' title='bbox 138 3056 309 3118; x_wconf 78' lang='lat' dir='ltr'>Ciceronem</span> <span class='ocrx_word' id='word_1_175' title='bbox 321 3057 595 3136; x_wconf 74' lang='lat' dir='ltr'>tnnmnostrumpue</span> <span class='ocrx_word' id='word_1_176' title='bbox 603 3076 616 3126; x_wconf 88' lang='lat'>,·</span> 
     </span>
     <span class='ocr_line' id='line_1_29' title="bbox 132 3144 616 3226; baseline -0.014 -20"><span class='ocrx_word' id='word_1_177' title='bbox 132 3161 271 3226; x_wconf 83' lang='lat' dir='ltr'>utroque</span> <span class='ocrx_word' id='word_1_178' title='bbox 309 3144 496 3219; x_wconf 87' lang='lat' dir='ltr'>pronomine</span> <span class='ocrx_word' id='word_1_179' title='bbox 536 3145 616 3199; x_wconf 85' lang='lat' dir='ltr'>enim</span> 
     </span>
     <span class='ocr_line' id='line_1_30' title="bbox 135 3222 617 3310; baseline -0.01 -22"><span class='ocrx_word' id='word_1_180' title='bbox 135 3230 242 3310; x_wconf 84' lang='lat' dir='ltr'>Quinti</span> <span class='ocrx_word' id='word_1_181' title='bbox 265 3239 381 3285; x_wconf 83' lang='lat' dir='ltr'>tentum</span> <span class='ocrx_word' id='word_1_182' title='bbox 397 3224 491 3284; x_wconf 82' lang='lat' dir='ltr'>silium</span> <span class='ocrx_word' id='word_1_183' title='bbox 508 3222 617 3307; x_wconf 73' lang='lat' dir='ltr'>siguis}-</span> 
     </span>
     <span class='ocr_line' id='line_1_31' title="bbox 133 3307 616 3377; baseline -0.012 -3"><span class='ocrx_word' id='word_1_184' title='bbox 133 3327 271 3377; x_wconf 81' lang='lat' dir='ltr'>cavernt,</span> <span class='ocrx_word' id='word_1_185' title='bbox 291 3326 324 3369; x_wconf 88' lang='lat' dir='ltr'>ut</span> <span class='ocrx_word' id='word_1_186' title='bbox 347 3307 432 3368; x_wconf 89' lang='lat' dir='ltr'>suum</span> <span class='ocrx_word' id='word_1_187' title='bbox 450 3315 513 3369; x_wconf 88' lang='lat' dir='ltr'>eius</span> <span class='ocrx_word' id='word_1_188' title='bbox 530 3330 616 3369; x_wconf 87' lang='lat' dir='ltr'>amo-</span> 
     </span>
     <span class='ocr_line' id='line_1_32' title="bbox 133 3392 616 3475; baseline -0.019 -14"><span class='ocrx_word' id='word_1_189' title='bbox 133 3419 200 3461; x_wconf 82' lang='lat' dir='ltr'>rem</span> <span class='ocrx_word' id='word_1_190' title='bbox 222 3392 412 3464; x_wconf 83' lang='lat' dir='ltr'>ostenderet,</span> <span class='ocrx_word' id='word_1_191' title='bbox 449 3393 534 3475; x_wconf 83' lang='lat' dir='ltr'>quasi</span> <span class='ocrx_word' id='word_1_192' title='bbox 559 3395 616 3453; x_wconf 87' lang='lat' dir='ltr'>sra-</span> 
     </span>
     <span class='ocr_line' id='line_1_33' title="bbox 132 3477 614 3544; baseline -0.01 0"><span class='ocrx_word' id='word_1_193' title='bbox 132 3488 187 3544; x_wconf 82' lang='lat' dir='ltr'>trit</span> <span class='ocrx_word' id='word_1_194' title='bbox 215 3479 310 3542; x_wconf 82' lang='lat' dir='ltr'>silium</span> <span class='ocrx_word' id='word_1_195' title='bbox 340 3483 371 3539; x_wconf 90' lang='lat' dir='ltr'>in</span> <span class='ocrx_word' id='word_1_196' title='bbox 398 3477 439 3538; x_wconf 93' lang='lat' dir='ltr'>sui</span> <span class='ocrx_word' id='word_1_197' title='bbox 466 3478 520 3538; x_wconf 77' lang='lat' dir='ltr'>filii</span> <span class='ocrx_word' id='word_1_198' title='bbox 540 3479 614 3539; x_wconf 90' lang='lat' dir='ltr'>loco</span> 
     </span>
     <span class='ocr_line' id='line_1_34' title="bbox 94 3562 617 3645; baseline -0.017 -15"><span class='ocrx_word' id='word_1_199' title='bbox 94 3566 96 3570; x_wconf 68' lang='grc'><strong>’</strong></span> <span class='ocrx_word' id='word_1_200' title='bbox 132 3565 271 3629; x_wconf 86' lang='lat' dir='ltr'>haberet.</span> <span class='ocrx_word' id='word_1_201' title='bbox 315 3565 425 3645; x_wconf 84' lang='lat' dir='ltr'>ltaque</span> <span class='ocrx_word' id='word_1_202' title='bbox 453 3565 492 3624; x_wconf 83' lang='lat' dir='ltr'>td</span> <span class='ocrx_word' id='word_1_203' title='bbox 519 3562 617 3623; x_wconf 86' lang='lat' dir='ltr'>ambi-</span> 
     </span>
     <span class='ocr_line' id='line_1_35' title="bbox 116 3647 616 3739; baseline -0.012 -25"><span class='ocrx_word' id='word_1_204' title='bbox 116 3657 280 3739; x_wconf 73' lang='lat' dir='ltr'>&#39;guitatetn</span> <span class='ocrx_word' id='word_1_205' title='bbox 296 3650 449 3708; x_wconf 86' lang='lat' dir='ltr'>vitandam</span> <span class='ocrx_word' id='word_1_206' title='bbox 471 3647 497 3707; x_wconf 84' lang='lat' dir='ltr'>lt.</span> <span class='ocrx_word' id='word_1_207' title='bbox 514 3649 535 3713; x_wconf 81' lang='lat' dir='ltr'>l.</span> <span class='ocrx_word' id='word_1_208' title='bbox 549 3668 616 3708; x_wconf 87' lang='lat' dir='ltr'>nou</span> 
     </span>
     <span class='ocr_line' id='line_1_36' title="bbox 132 3730 614 3815; baseline -0.023 -16"><span class='ocrx_word' id='word_1_209' title='bbox 132 3754 199 3799; x_wconf 83' lang='lat' dir='ltr'>eret</span> <span class='ocrx_word' id='word_1_210' title='bbox 232 3730 419 3815; x_wconf 82' lang='lat' dir='ltr'>superfluum</span> <span class='ocrx_word' id='word_1_211' title='bbox 454 3734 527 3793; x_wconf 86' lang='lat' dir='ltr'>addi</span> <span class='ocrx_word' id='word_1_212' title='bbox 561 3735 614 3789; x_wconf 86' lang='lat' dir='ltr'>nti·</span> 
     </span>
    </p>
   </div>
   <div class='ocr_carea' id='block_1_7' title="bbox 131 3843 212 3882">
    <p class='ocr_par' dir='ltr' id='par_1_8' title="bbox 131 3843 212 3882">
     <span class='ocr_line' id='line_1_37' title="bbox 131 3843 212 3882; baseline -0.012 0"><span class='ocrx_word' id='word_1_213' title='bbox 131 3843 212 3882; x_wconf 71' lang='lat' dir='ltr'>nord·</span> 
     </span>
    </p>
   </div>
   <div class='ocr_carea' id='block_1_8' title="bbox 671 2627 1157 3899">
    <p class='ocr_par' dir='ltr' id='par_1_9' title="bbox 673 2627 1157 3198">
     <span class='ocr_line' id='line_1_38' title="bbox 677 2627 1157 2714; baseline 0.015 -27"><span class='ocrx_word' id='word_1_214' title='bbox 677 2627 801 2706; x_wconf 75' lang='lat' dir='ltr'>Ernesti.</span> <span class='ocrx_word' id='word_1_215' title='bbox 824 2634 961 2708; x_wconf 78' lang='lat' dir='ltr'>digerere</span> <span class='ocrx_word' id='word_1_216' title='bbox 974 2637 1157 2714; x_wconf 78' lang='lat' dir='ltr'>prudentiae</span> 
     </span>
     <span class='ocr_line' id='line_1_39' title="bbox 675 2715 1155 2801; baseline 0.01 -25"><span class='ocrx_word' id='word_1_217' title='bbox 675 2715 738 2792; x_wconf 74' lang='lat' dir='ltr'>es&#39;t3</span> <span class='ocrx_word' id='word_1_218' title='bbox 789 2719 921 2793; x_wconf 81' lang='lat' dir='ltr'>persequi</span> <span class='ocrx_word' id='word_1_219' title='bbox 960 2719 1155 2801; x_wconf 73' lang='lat' dir='ltr'>diligentiae,</span> 
     </span>
     <span class='ocr_line' id='line_1_40' title="bbox 675 2798 1156 2883; baseline 0.01 -25"><span class='ocrx_word' id='word_1_220' title='bbox 675 2798 818 2870; x_wconf 70' lang='lat' dir='ltr'>conficere</span> <span class='ocrx_word' id='word_1_221' title='bbox 828 2799 1032 2877; x_wconf 81' lang='lat' dir='ltr'>constantiae3</span> <span class='ocrx_word' id='word_1_222' title='bbox 1047 2806 1156 2883; x_wconf 81' lang='lat' dir='ltr'>quibus</span> 
     </span>
     <span class='ocr_line' id='line_1_41' title="bbox 675 2886 1157 2950; baseline 0.004 -4"><span class='ocrx_word' id='word_1_223' title='bbox 675 2886 769 2946; x_wconf 88' lang='lat' dir='ltr'>tribus</span> <span class='ocrx_word' id='word_1_224' title='bbox 811 2886 971 2945; x_wconf 75' lang='lat' dir='ltr'>virtutibus</span> <span class='ocrx_word' id='word_1_225' title='bbox 1019 2888 1157 2950; x_wconf 86' lang='lat' dir='ltr'>officium</span> 
     </span>
     <span class='ocr_line' id='line_1_42' title="bbox 675 2971 1157 3051; baseline 0.008 -23"><span class='ocrx_word' id='word_1_226' title='bbox 675 2975 756 3042; x_wconf 86' lang='lat' dir='ltr'>eius,</span> <span class='ocrx_word' id='word_1_227' title='bbox 779 2977 826 3030; x_wconf 90' lang='lat' dir='ltr'>cui</span> <span class='ocrx_word' id='word_1_228' title='bbox 846 2971 961 3051; x_wconf 87' lang='lat' dir='ltr'>aliquid</span> <span class='ocrx_word' id='word_1_229' title='bbox 977 2976 1157 3034; x_wconf 83' lang='lat' dir='ltr'>mandatum</span> 
     </span>
     <span class='ocr_line' id='line_1_43' title="bbox 674 3053 1155 3127; baseline 0.008 -13"><span class='ocrx_word' id='word_1_230' title='bbox 674 3053 733 3127; x_wconf 82' lang='lat' dir='ltr'>est,</span> <span class='ocrx_word' id='word_1_231' title='bbox 756 3075 851 3123; x_wconf 82' lang='lat' dir='ltr'>omne</span> <span class='ocrx_word' id='word_1_232' title='bbox 869 3063 1055 3120; x_wconf 85' lang='lat' dir='ltr'>continetur.</span> <span class='ocrx_word' id='word_1_233' title='bbox 1088 3056 1155 3118; x_wconf 84' lang='lat' dir='ltr'>Ma·</span> 
     </span>
     <span class='ocr_line' id='line_1_44' title="bbox 673 3151 734 3198; baseline -0.033 0"><span class='ocrx_word' id='word_1_234' title='bbox 673 3151 734 3198; x_wconf 80' lang='lat' dir='ltr'>nni.</span> 
     </span>
    </p>

    <p class='ocr_par' dir='ltr' id='par_1_10' title="bbox 672 3220 1156 3644">
     <span class='ocr_line' id='line_1_45' title="bbox 715 3220 1156 3308; baseline 0.014 -27"><span class='ocrx_word' id='word_1_235' title='bbox 715 3227 840 3297; x_wconf 78' lang='lat' dir='ltr'>eqttiiem</span> <span class='ocrx_word' id='word_1_236' title='bbox 864 3220 1053 3308; x_wconf 85' lang='lat' dir='ltr'>Romanum]</span> <span class='ocrx_word' id='word_1_237' title='bbox 1072 3226 1156 3306; x_wconf 83' lang='lat' dir='ltr'>&#39;sapit</span> 
     </span>
     <span class='ocr_line' id='line_1_46' title="bbox 673 3307 1155 3392; baseline 0.008 -24"><span class='ocrx_word' id='word_1_238' title='bbox 673 3307 881 3392; x_wconf 85' lang='lat' dir='ltr'>glossatorem.</span> <span class='ocrx_word' id='word_1_239' title='bbox 903 3312 932 3367; x_wconf 94' lang='lat' dir='ltr'>N</span> <span class='ocrx_word' id='word_1_240' title='bbox 936 3331 970 3368; x_wconf 89' lang='lat' dir='ltr'>ec</span> <span class='ocrx_word' id='word_1_241' title='bbox 985 3317 1066 3370; x_wconf 85' lang='lat' dir='ltr'>enirn</span> <span class='ocrx_word' id='word_1_242' title='bbox 1078 3333 1155 3392; x_wconf 84' lang='lat' dir='ltr'>opus</span> 
     </span>
     <span class='ocr_line' id='line_1_47' title="bbox 673 3394 1155 3476; baseline 0.006 -24"><span class='ocrx_word' id='word_1_243' title='bbox 673 3409 738 3453; x_wconf 85' lang='lat' dir='ltr'>erat</span> <span class='ocrx_word' id='word_1_244' title='bbox 760 3394 894 3465; x_wconf 77' lang='lat' dir='ltr'>addere,</span> <span class='ocrx_word' id='word_1_245' title='bbox 923 3415 1017 3476; x_wconf 88' lang='lat' dir='ltr'>quum</span> <span class='ocrx_word' id='word_1_246' title='bbox 1048 3416 1155 3456; x_wconf 80' lang='lat' dir='ltr'>omnes</span> 
     </span>
     <span class='ocr_line' id='line_1_48' title="bbox 672 3475 1155 3541; baseline 0.004 -3"><span class='ocrx_word' id='word_1_247' title='bbox 672 3477 779 3538; x_wconf 88' lang='lat' dir='ltr'>scirent</span> <span class='ocrx_word' id='word_1_248' title='bbox 803 3477 920 3537; x_wconf 80' lang='lat' dir='ltr'>Orsiutn</span> <span class='ocrx_word' id='word_1_249' title='bbox 949 3475 1009 3537; x_wconf 87' lang='lat' dir='ltr'>essa</span> <span class='ocrx_word' id='word_1_250' title='bbox 1040 3482 1155 3541; x_wconf 75' lang='lat' dir='ltr'>ordinis</span> 
     </span>
     <span class='ocr_line' id='line_1_49' title="bbox 674 3558 1009 3644; baseline 0 -21"><span class='ocrx_word' id='word_1_251' title='bbox 674 3561 829 3644; x_wconf 82' lang='lat' dir='ltr'>equestris.</span> <span class='ocrx_word' id='word_1_252' title='bbox 885 3558 1009 3638; x_wconf 79' lang='lat' dir='ltr'>Ernesti.</span> 
     </span>
    </p>

    <p class='ocr_par' dir='ltr' id='par_1_11' title="bbox 671 3649 1155 3899">
     <span class='ocr_line' id='line_1_50' title="bbox 715 3649 1153 3722; baseline 0.011 -20"><span class='ocrx_word' id='word_1_253' title='bbox 715 3650 755 3722; x_wconf 76' lang='lat' dir='ltr'>eft</span> <span class='ocrx_word' id='word_1_254' title='bbox 771 3651 899 3705; x_wconf 83' lang='lat' dir='ltr'>tribunus</span> <span class='ocrx_word' id='word_1_255' title='bbox 914 3651 1043 3706; x_wconf 80' lang='lat' dir='ltr'>militnm</span> <span class='ocrx_word' id='word_1_256' title='bbox 1059 3649 1089 3704; x_wconf 86' lang='lat' dir='ltr'>in</span> <span class='ocrx_word' id='word_1_257' title='bbox 1105 3668 1153 3706; x_wconf 78' lang='lat' dir='ltr'>ex·</span> 
     </span>
     <span class='ocr_line' id='line_1_51' title="bbox 673 3731 1155 3814; baseline 0.008 -26"><span class='ocrx_word' id='word_1_258' title='bbox 673 3737 765 3790; x_wconf 78' lang='lat' dir='ltr'>ercitn</span> <span class='ocrx_word' id='word_1_259' title='bbox 789 3731 907 3814; x_wconf 78' lang='lat' dir='ltr'>noso-0]</span> <span class='ocrx_word' id='word_1_260' title='bbox 929 3736 960 3792; x_wconf 84' lang='lat' dir='ltr'>Si</span> <span class='ocrx_word' id='word_1_261' title='bbox 983 3732 1059 3791; x_wconf 82' lang='lat' dir='ltr'>staec</span> <span class='ocrx_word' id='word_1_262' title='bbox 1081 3754 1155 3810; x_wconf 85' lang='lat' dir='ltr'>pro·</span> 
     </span>
     <span class='ocr_line' id='line_1_52' title="bbox 671 3816 1155 3899; baseline -0.002 -23"><span class='ocrx_word' id='word_1_263' title='bbox 671 3822 740 3894; x_wconf 87' lang='lat' dir='ltr'>prie</span> <span class='ocrx_word' id='word_1_264' title='bbox 770 3817 936 3899; x_wconf 83' lang='lat' dir='ltr'>intelligas,</span> <span class='ocrx_word' id='word_1_265' title='bbox 977 3822 1024 3876; x_wconf 82' lang='lat' dir='ltr'>vix</span> <span class='ocrx_word' id='word_1_266' title='bbox 1051 3816 1155 3876; x_wconf 89' lang='lat' dir='ltr'>locum</span> 
     </span>
    </p>
   </div>
   <div class='ocr_carea' id='block_1_9' title="bbox 172 3896 1154 3982">
    <p class='ocr_par' dir='ltr' id='par_1_12' title="bbox 172 3896 1154 3982">
     <span class='ocr_line' id='line_1_53' title="bbox 172 3896 1154 3982; baseline -0.006 -17"><span class='ocrx_word' id='word_1_267' title='bbox 172 3900 375 3982; x_wconf 80' lang='lat' dir='ltr'>producendo]</span> <span class='ocrx_word' id='word_1_268' title='bbox 396 3896 615 3959; x_wconf 82' lang='lat' dir='ltr'>Ernestiusne·</span> <span class='ocrx_word' id='word_1_269' title='bbox 668 3901 759 3962; x_wconf 84' lang='lat' dir='ltr'>suurn</span> <span class='ocrx_word' id='word_1_270' title='bbox 787 3916 920 3960; x_wconf 89' lang='lat' dir='ltr'>tuentur.</span> <span class='ocrx_word' id='word_1_271' title='bbox 983 3903 1064 3961; x_wconf 83' lang='lat' dir='ltr'>Nam</span> <span class='ocrx_word' id='word_1_272' title='bbox 1095 3907 1154 3980; x_wconf 85' lang='lat' dir='ltr'>pri·</span> 
     </span>
    </p>
   </div>
   <div class='ocr_carea' id='block_1_10' title="bbox 129 3983 1155 4151">
    <p class='ocr_par' dir='ltr' id='par_1_13' title="bbox 129 3983 1155 4156">
     <span class='ocr_line' id='line_1_54' title="bbox 130 3983 1154 4073; baseline -0.007 -22"><span class='ocrx_word' id='word_1_273' title='bbox 130 4007 184 4073; x_wconf 74' lang='lat' dir='ltr'>gat</span> <span class='ocrx_word' id='word_1_274' title='bbox 208 3987 238 4049; x_wconf 85' lang='lat' dir='ltr'>se</span> <span class='ocrx_word' id='word_1_275' title='bbox 259 3986 320 4046; x_wconf 80' lang='lat' dir='ltr'>hoc</span> <span class='ocrx_word' id='word_1_276' title='bbox 341 3984 521 4064; x_wconf 79' lang='lat' dir='ltr'>intelligere.</span> <span class='ocrx_word' id='word_1_277' title='bbox 565 3988 614 4046; x_wconf 78' lang='lat' dir='ltr'>An</span> <span class='ocrx_word' id='word_1_278' title='bbox 670 4008 756 4046; x_wconf 85' lang='lat' dir='ltr'>mum</span> <span class='ocrx_word' id='word_1_279' title='bbox 797 3984 921 4047; x_wconf 85' lang='lat' dir='ltr'>difficile</span> <span class='ocrx_word' id='word_1_280' title='bbox 958 3983 1001 4045; x_wconf 83' lang='lat' dir='ltr'>est</span> <span class='ocrx_word' id='word_1_281' title='bbox 1035 3987 1154 4058; x_wconf 87' lang='lat' dir='ltr'>dicere,</span> 
     </span>
     <span class='ocr_line' id='line_1_55' title="bbox 129 4067 1155 4151; baseline -0.003 -17"><span class='ocrx_word' id='word_1_282' title='bbox 129 4069 338 4151; x_wconf 80' lang='lat' dir='ltr'>perducendo?</span> <span class='ocrx_word' id='word_1_283' title='bbox 357 4069 390 4128; x_wconf 83' lang='lat' dir='ltr'>Si</span> <span class='ocrx_word' id='word_1_284' title='bbox 404 4085 508 4131; x_wconf 83' lang='lat' dir='ltr'>temen</span> <span class='ocrx_word' id='word_1_285' title='bbox 518 4068 613 4131; x_wconf 86' lang='lat' dir='ltr'>lectio</span> <span class='ocrx_word' id='word_1_286' title='bbox 672 4092 727 4132; x_wconf 87' lang='lat' dir='ltr'>cur</span> <span class='ocrx_word' id='word_1_287' title='bbox 742 4073 860 4140; x_wconf 84' lang='lat' dir='ltr'>Cicero¹</span> <span class='ocrx_word' id='word_1_288' title='bbox 874 4069 908 4130; x_wconf 89' lang='lat' dir='ltr'>id</span> <span class='ocrx_word' id='word_1_289' title='bbox 929 4067 959 4129; x_wconf 92' lang='lat' dir='ltr'>h.</span> <span class='ocrx_word' id='word_1_290' title='bbox 981 4069 1002 4130; x_wconf 95' lang='lat' dir='ltr'>l.</span> <span class='ocrx_word' id='word_1_291' title='bbox 1033 4069 1155 4131; x_wconf 87' lang='lat' dir='ltr'>iuserse·</span> 
     </span>
    </p>
   </div>
   <div class='ocr_carea' id='block_1_11' title="bbox 0 0 1294 4792">
    <p class='ocr_par' dir='ltr' id='par_1_14' title="bbox 0 0 1294 4792">
     <span class='ocr_line' id='line_1_56' title="bbox 0 0 1294 4792; baseline 0 3"><span class='ocrx_word' id='word_1_292' title='bbox 0 0 1294 4792; x_wconf 95' lang='lat' dir='ltr'> </span> 
     </span>
    </p>
   </div>
  </div>
 </body>
</html>
