2506 4808
147 325 200 409 ¹92
432 297 718 370 marona
760 294 916 366 cvm.

157 511 276 561 omncs
299 498 450 558 omnium
472 497 654 579 imagines,
692 485 884 570 statuasque
911 484 1103 573 superavit·
1149 487 1200 557 Ac

158 597 214 666 vel
230 596 294 662 hoc
310 593 530 683 praestantius
551 591 634 656 mibi
650 590 755 656 suerit
775 606 808 655 et
824 590 865 655 ad
888 588 1062 655 laetitiam
1084 598 1204 668 animi,

162 712 197 764 et
221 699 264 763 ad
285 701 466 762 memoriae
490 694 705 782 dignitatem,
728 689 803 757 fiiu
821 704 881 781 tua
892 692 1021 779 scripta
1038 715 1206 780 pervene-

159 823 220 877 ro,
241 820 340 884 quam
362 797 382 863 fi
406 804 442 863 in
465 809 675 868 ceterorum,
707 793 890 876 quod.nou
909 798 1098 881 ingenium
1124 793 1208 865 mihi

160 901 266 970 solum
290 900 536 988 suppeditatum
559 899 661 963 suerit
683 908 799 969 tuum,
834 892 917 960 ficut
941 892 1210 964 Timoleontia

161 1002 325 1076 Timaeo,
347 1006 387 1066 ab
411 1001 590 1066 Herodoto
617 995 855 1071 Themistocli,
875 997 932 1063 sed
957 1005 1067 1065 etiam
1094 1012 1211 1066 aucto

161 1112 246 1171 ritas
259 1101 423 1168 clarissrmi
441 1120 475 1167 et
493 1099 713 1188 spectatissimi
729 1107 803 1174 viri,
826 1114 860 1166 et
871 1106 907 1167 in
923 1121 961 1165 re
976 1101 1127 1188 publica
1145 1122 1212 1166 ma·

162 1211 265 1272 ximis
290 1203 556 1291 gravissimisque
578 1202 681 1267 caufis
706 1202 853 1291 cogniti,
893 1215 995 1286 atque
1017 1206 1059 1266 in
1085 1206 1211 1290 primia

161 1308 315 1396 probati:
340 1321 379 1371 ut
400 1302 482 1368 mihi
506 1327 574 1368 non
597 1303 699 1369 solnm
722 1309 961 1393 praeconium,
985 1301 1087 1386 quod
1104 1326 1213 1388 quum

162 1413 199 1474 in
215 1406 358 1491 Sigeum
382 1402 519 1469 venisset
532 1402 749 1479 Alexander,
772 1409 812 1470 ab
829 1401 1133 1473 HomeroAchilli
1154 1411 1213 1474 tri·

163 1508 285 1575 butum
302 1504 365 1569 esse
384 1506 486 1577 dixit,
508 1503 564 1570 sed
589 1506 688 1566 etiam
708 1522 810 1589 grave
823 1501 1063 1572 testimonium
1085 1514 1213 1597 imper·

163 1612 265 1675 titum
282 1606 364 1671 clari
382 1604 551 1677 bominis,
577 1607 756 1690 magnique
770 1602 933 1670 videatur.
978 1603 1103 1674 Placet
1119 1617 1212 1676 enim

164 1708 299 1777 Hector
314 1706 371 1772 illc
387 1704 468 1770 mihi
486 1706 696 1779 berenianus,
717 1711 774 1789 qui
790 1726 859 1770 uon
874 1716 1009 1771 tanturn
1022 1707 1166 1778 laudari
1181 1712 1213 1778 sa

165 1810 330 1883 laetatur,
351 1808 403 1874 leti
426 1809 517 1873 addit
534 1815 653 1880 etiam,
674 1829 693 1871 a
715 1808 850 1873 laudato
866 1812 950 1872 nuo.

136 1915 158 1983 3
275 1910 377 2002 Quod
395 1907 415 1972 ss
431 1930 449 1974 a
465 1922 499 1975 te
514 1933 582 1975 uon
599 1916 760 2000 impetro,
785 1909 849 1974 hoc
865 1907 930 1981 est,
954 1905 1083 1995 siquae
1104 1924 1143 1979 te
1157 1934 1212 1980 res

165 2016 361 2104 impedierit
382 2016 514 2095 (neque
538 2016 628 2076 enirn
650 2013 700 2077 sas
728 2013 791 2078 esse
814 2015 978 2085 arbitror,
1017 2013 1213 2099 quidquam

166 2141 222 2184 rue
246 2129 439 2205 rogantem,
470 2117 529 2177 abs
555 2127 589 2177 tc
614 2137 683 2178 non
707 2118 911 2202 impetrare)
941 2133 1048 2200 cogar
1071 2114 1214 2182 sortasse

168 2220 300 2290 iacere,
330 2217 421 2300 quod
446 2216 543 2280 multi
568 2216 663 2305 saepo
686 2215 994 2305 reprehenderunt.
1041 2213 1213 2282 Scribam

167 2317 235 2414 lpse
256 2319 297 2386 de
320 2339 390 2385 rue:
425 2317 612 2386 multorum
636 2331 750 2387 tarnen
773 2316 946 2408 exemplo,
974 2327 1010 2383 et
1032 2315 1213 2390 clarorum

211 2661 311 2702 omnes
332 2640 463 2696 omnium
491 2637 657 2721 imagines]
756 2638 898 2695 maximis
970 2637 1216 2720 graut'ffimisque

168 2729 276 2811 Vulgo
348 2742 447 2783 oannes
513 2726 658 2801 imagines
716 2722 828 2805 cnissis]
852 2742 929 2803 quas
953 2720 1015 2783 scil·
1039 2741 1157 2789 orator
1182 2731 1215 2791 ia

172 2818 311 2874 omnium.
349 2809 658 2889 Elegantioremver·
715 2809 789 2869 loro
817 2822 933 2888 egerat.

170 2901 285 2962 borum
334 2895 477 2955 ordinem
531 2891 660 2954 resumit
758 2907 788 2966 3.
811 2893 899 2949 multi
908 2893 998 2967 saepe
1014 2897 1216 2968 reprehende·

170 2978 487 3065 Martyris-Lagona.
717 2977 807 3060 runt]
843 2978 888 3036 lta
924 2976 1120 3039 scribendum
1152 2979 1216 3044 elsa

215 3088 250 3125 ac
272 3066 318 3124 uel
337 3064 412 3150 hoc]
446 3061 547 3144 Vulgo
574 3073 662 3140 atqua
717 3062 800 3123 iuliis
821 3067 1009 3146 argumentis
1029 3064 1140 3126 docuit
1159 3069 1216 3128 Er·

172 3158 248 3224 hoc..
281 3149 662 3230 llludauctoreblartyui·
718 3144 840 3209 nostias.
907 3149 1005 3206 Antea
1044 3147 1216 3231 legebatur

172 3245 302 3322 Lagona
318 3253 352 3295 ut
367 3234 576 3295 consecutioni
598 3232 663 3294 seu·
719 3234 851 3291 nonnulli
859 3233 949 3308 saepe
963 3235 1193 3305 reprehendunt.

171 3328 338 3389 sentiarum
362 3323 462 3400 aptius
484 3322 598 3396 recepi.
754 3319 882 3393 scribam
907 3319 966 3394 ipse
987 3322 1024 3375 de
1039 3319 1110 3464 mel]
1133 3327 1217 3402 poe.

216 3414 252 3467 ab
276 3403 453 3489 Herodoto]
487 3404 664 3485 Legebatur
719 3410 808 3481 metis
832 3406 872 3462 de
899 3401 1056 3463 consulatu
1099 3427 1142 3465 uo
1164 3405 1217 3468 hic

174 3505 227 3555 ant
255 3499 290 3552 nb
317 3491 469 3549 Herodoto
478 3510 492 3559 ;
530 3492 663 3568 particu·
720 3495 876 3549 rationem
898 3486 1096 3561 nonhabet,
1123 3493 1217 3571 quod

173 3578 237 3641 lam
275 3578 316 3640 da
349 3573 478 3638 Ernestii
515 3572 664 3633 sententia
721 3592 787 3634 oon
803 3581 1039 3655 eratingauare
1054 3571 1217 3639 historico.

176 3664 285 3727 delati.
722 3659 988 3718 commentarium
1004 3678 1117 3739 graece
1129 3682 1219 3722 com-

219 3761 250 3810 et
270 3754 299 3808 in
321 3771 353 3808 ra
368 3744 506 3826 pnblicn]
529 3745 579 3804 Sic
600 3764 665 3804 me·
721 3739 855 3825 postam
871 3763 920 3824 ep.
931 3753 980 3821 ²4·
995 3740 1079 3803 haud
1093 3766 1220 3807 merno-

174 3834 234 3901 lius
263 3834 576 3916 Martyni-Laguna,
612 3850 664 3888 nu·
723 3844 788 3899 rat,
821 3833 892 3909 quia
920 3825 970 3888 bic
994 3827 1149 3910 agebatur
1175 3831 1220 3893 de

172 3922 323 3986 ‘ctoritate
344 3921 399 3982 lV.
430 3916 523 3976 codd.
554 3914 666 3976 Draad,
724 3910 849 3974 hilloria
864 3915 972 3973 Latine
989 3911 1106 3993 scripta.
1135 3917 1222 3978 Lati·

169 4007 243 4072 fAsc,
259 4008 280 4068 1.
306 4020 337 4065 et
356 4003 453 4083 Torg.
479 4016 592 4078 quam,
632 4014 669 4062 ut
724 4019 799 4061 num
818 4019 910 4068 vero,
939 3997 1222 4077 quemiuchoave·

179 4108 270 4161 autea
278 4134 289 4166 ,
311 4095 342 4150 in
356 4090 401 4146 rei
415 4085 557 4164 publicae.
725 4100 776 4148 rat
789 4084 906 4164 (ibid.)
923 4079 1065 4148 abiecisse
1078 4087 1222 4164 videtum
