2580 4792
35 386 50 415 ἱ
91 300 94 304 “
169 312 216 397 74
465 300 753 371 erroronn
799 303 908 373 civ.

173 507 213 564 ut
230 516 333 580 quum
348 497 505 558 maxime.
549 491 665 557 Unum
681 491 805 557 accidit
823 491 1051 580 imprudentia
1064 492 1207 560 Milonis

50 676 53 685 ¹
171 596 406 674 incommode,
434 596 475 659 tle
497 594 579 659 Sex.
605 592 745 676 Clodio;
774 615 874 677 quem
902 615 1013 677 neque
1036 593 1102 660 hoc
1124 608 1211 660 tem·

172 718 277 788 pore,
298 718 408 781 neque
431 696 471 763 ab
499 693 679 760 imbecillis
704 693 953 759 accusatoribus
976 693 1059 761 mihi
1079 695 1210 783 placuit

173 796 331 864 accusari.
375 797 416 862 Ei
435 808 508 862 tres
527 793 714 860 sententiae
734 800 914 861 teterrimo
934 801 972 861 in
997 795 1132 882 consilio
1155 798 1211 864 de-

558 1036 828 1059 W

167 1214 172 1221 ·
218 1192 287 1256 Sex.
315 1192 445 1279 Clodio]
484 1196 535 1256 sic
557 1193 586 1253 le
610 1212 664 1256 en·
718 1197 759 1257 id.
777 1189 862 1251 Febr.
885 1195 953 1252 dixi
971 1214 1029 1270 pro
1053 1191 1150 1274 Bestia
1172 1201 1209 1260 de

171 1280 260 1354 llum,
275 1300 340 1343 non
355 1282 494 1364 utvulgo
505 1275 574 1341 Sex.
588 1216 661 1338 {oe-
718 1283 846 1351 ambitu,
869 1283 951 1355 apud
963 1292 1135 1355 praetorem
1151 1281 1208 1350 Gn.

171 1371 227 1428 lio.
270 1367 326 1427 Ille
341 1372 420 1428 euim
437 1381 466 1424 et
484 1364 607 1427 Milonis
626 1385 663 1425 ec
719 1360 909 1437 Domitium,
953 1386 1048 1447 quem
1094 1368 1208 1449 opillo·

170 1454 334 1519 ‚Ciceronis
352 1453 410 1511 luit
426 1446 661 1519 inimiciffimus,
717 1448 779 1513 lem
803 1453 836 1510 in
857 1447 1016 1511 consulatu
1034 1453 1209 1519 Marcellini

172 1552 206 1599 et
236 1535 419 1596 Marcellmo
455 1551 487 1596 et
514 1533 660 1614 Bhilippo
718 1551 751 1597 et
763 1532 898 1616 Philippi
919 1531 1208 1616 scriptemtconllet'.

172 1619 256 1686 coir.
273 1619 428 1682 accusatus
455 1635 550 1700 etque
573 1618 663 1679 eblo·
718 1620 816 1700 Quod
827 1619 866 1680 ed
877 1640 964 1680 reum
976 1625 1096 1697 ettiuet,
1112 1622 1208 1686 homo

171 1704 321 1770 lutue'est.
345 1701 660 1786 Dequoficinoret.
718 1703 779 1776 est,
814 1726 907 1786 quem
930 1706 1011 1766 Milo
1033 1713 1152 1787 pariter
1178 1723 1211 1770 et

170 1812 233 1877 pro
243 1793 287 1855 M.
297 1790 409 1852 Coelio
421 1803 505 1863 eze.
521 1792 659 1847 oraobte·
719 1792 830 1850 Cicero
860 1789 1018 1871 perditum
1044 1792 1209 1856 voluerint.

55 1878 57 1885 ’
165 1881 292 1959 sterque
309 1896 378 1951 vos,
405 1876 531 1948 iudices,
554 1885 585 1932 nt
600 1895 661 1956 qna
719 1876 816 1956 Quod
826 1891 994 1957 utrumque
1006 1895 1073 1938 nou
1087 1899 1123 1938 ex
1138 1899 1210 1947 ore·

165 1966 203 2022 'in
223 1964 344 2022 civitate
370 1963 470 2037 paucis
496 1960 660 2019 hisdiebus
717 1965 805 2034 tione
828 1964 945 2028 minut,
974 1981 1068 2041 quem
1091 1984 1127 2022 ex
1150 1959 1209 2026 hec

163 2044 244 2109 'Sem
275 2044 397 2132 Clodiae
427 2047 571 2120 absolutus
599 2046 660 2123 sit,
718 2041 847 2124 epistole
878 2044 1042 2127 colligitur.
1086 2044 1208 2110 Mannt.

162 2136 261 2219 ‘quem
285 2154 335 2192 vos
360 2152 414 2207 per
439 2133 585 2191 biennium
609 2140 661 2187 aut
718 2130 848 2210 Optime
869 2127 919 2189 hic
941 2130 981 2189 de
1000 2133 1071 2194 Sex.
1091 2133 1207 2195 clodio

165 2220 337 2295 'ministrnm
359 2218 518 2294 seditionis
537 2226 589 2274 ant
608 2219 660 2272 du·
718 2219 768 2299 egi
788 2213 947 2275 Manutius
971 2214 1207 2293 demonstrante

161 2304 234 2364 “cem
260 2304 389 2380 vidistis,
433 2304 517 2363 inea
540 2301 661 2358 ciuitate
716 2303 823 2380 itaque
844 2300 1031 2373 Gruterum,
1050 2307 1109 2385 'qui
1139 2298 1207 2366 Sex.

170 2413 208 2450 ne
219 2391 379 2467 patiamini
392 2404 450 2448 etc.
475 2388 662 2470 Congruunt
722 2379 868 2443 Cloelium
884 2382 933 2444 hic
948 2384 1010 2470 legi
1026 2382 1146 2465 meluit,
1162 2392 1208 2450 ui·

52 2506 55 2513 ·
163 2474 264 2559 'igitur
278 2492 439 2554 temporem,
465 2492 524 2532 nec
539 2469 661 2551 resipit
711 2468 946 2531 inmoramur.
1002 2526 1006 2534 ,

170 2562 336 2638 discrepat.
390 2559 439 2616 De
465 2555 660 2636 temporibut
760 2577 849 2628 ›zentee
872 2559 925 2612 ltoc
940 2557 1095 2641 ternpore]
1118 2557 1209 2639 quod

168 2645 306 2707 dubitari
328 2662 393 2702 non
414 2638 534 2722 potest;
563 2660 660 2720 quum
717 2641 746 2697 ei
763 2640 960 2722 Clodiuequi
979 2643 1210 2703 tunceedilita·

169 2733 274 2792 oratio
288 2725 524 2807 preMCoelio
540 2726 659 2798 iisdem,
710 2739 779 2783 tem
802 2740 940 2808 gereret,
981 2725 1128 2807 prodelle
1153 2727 1208 2790 luo

159 2812 378 2896 'qulbusheec
399 2808 527 2889 epistole
550 2809 660 2893 scripte
707 2805 817 2870 'studio
873 2809 1040 2890 plurimum
1098 2811 1209 2892 pollet.

170 2896 232 2970 est,
268 2894 441 2957 consulibus
469 2893 572 2956 habita
606 2892 660 2966 tn,
717 2893 817 2952 Etiam
842 2894 936 2957 illud:
961 2896 1049 2977 quod
1070 2917 1109 2958 eo
1131 2915 1210 2957 tem·

160 2981 368 3049 Marcellino,
386 2985 523 3061 inquam,
547 2995 578 3040 et
590 2978 661 3040 Phl·
716 2998 798 3056 pore
834 2977 870 3039 fit
911 2979 1064 3056 accusetus
1109 3004 1209 3064 quum

168 3066 272 3148 lippo.
334 3066 415 3124 Num
448 3070 480 3126 in
515 3069 660 3141 oratione
717 3063 884 3143 Pompeius
906 3086 1010 3147 neque
1031 3087 1118 3126 cerus
1141 3068 1210 3146 ple·

170 3172 269 3236 quum
292 3153 351 3210 eitt
369 3151 513 3229 intelligis
532 3171 587 3226 pro
609 3158 660 3205 tna
715 3151 820 3230 risque
835 3149 875 3209 de
889 3150 1013 3231 populo
1028 3148 1112 3222 ellet,
1133 3175 1210 3233 pro·

169 3239 336 3316 praestanti
350 3240 508 3311 prudentia
527 3232 582 3294 Gn.
594 3229 658 3290 Da'·
716 3248 787 3311 pter
799 3234 922 3295 Milonis
939 3239 1160 3317 patrocinium,
1176 3254 1210 3299 et

170 3323 256 3396 miti,
280 3323 416 3380 cnrrthnc
432 3324 500 3398 saia
523 3342 586 3379 rem
604 3316 659 3395 effe
715 3317 907 3380 senatoribus
957 3317 1101 3380 ullenlus.
1163 3324 1209 3387 Ex

170 3409 270 3481 nobis,
311 3407 402 3468 facile
433 3411 549 3487 aperit,
592 3424 657 3484 quo
717 3404 912 3484 quopeullo
938 3403 1023 3484 post:
1071 3401 1118 3464 Ea
1147 3408 1210 3482 ipsa

172 3511 256 3554 enno
288 3492 341 3553 illa·
374 3492 491 3553 dixerit.
556 3487 659 3548 Video
702 3491 748 3547 in
771 3511 803 3546 re
820 3485 955 3566 Pompeii
977 3489 1101 3566 offensio
1127 3497 1210 3550 nobis

171 3583 252 3639 enim
279 3577 452 3637 Domitium
481 3573 660 3645 Calvinum,
718 3574 847 3648 obstitit:
872 3576 1042 3650 senatorum
1065 3580 1144 3635 enim
1160 3599 1209 3635 nr·

170 3667 225 3745 qul
245 3678 375 3744 praetor
394 3659 605 3745 quaestionem
625 3658 662 3717 il·
717 3682 756 3718 na
767 3662 881 3736 copiose
895 3663 1026 3736 absolvit.
1087 3658 1209 3726 Manui.

167 3744 232 3810 lam
247 3751 390 3814 exercuit,
406 3761 584 3824 praeturum
597 3742 661 3826 gei·
704 3758 708 3763 '
760 3747 913 3804 teterrimo
930 3748 959 3803 in
974 3745 1116 3830 consilio]
1135 3747 1211 3806 Vul-

169 3829 236 3894 fille
271 3828 445 3897 consulibus
474 3828 659 3890 Marcellino
717 3851 760 3913 go
783 3830 964 3913 legebatur:
1006 3835 1034 3890 ei
1058 3843 1117 3891 trer
1139 3834 1208 3908 sen-

169 3916 377 3996 etPhtltppo.
418 3913 456 3973 ld
479 3913 567 3994 quod
592 3917 661 3994 opi·
717 3917 828 3972 tentiae
850 3911 1022 3976 teterrimae
1039 3920 1069 3974 in
1086 3920 1208 3993 consilio

153 4010 232 4063 'nor
249 4005 310 4062 iem
328 4003 487 4082 cognitum
501 3997 552 4058 cil.
576 3998 661 4059 Dixit
717 3999 885 4070 defuerunt.
945 4002 1016 4062 Hoc
1043 3998 1082 4062 lic
1112 4002 1210 4084 expli·

171 4091 256 4150 enirn
280 4082 371 4168 supra
400 4105 448 4167 cp.
466 4105 516 4169 99.
544 4088 584 4144 ad
607 4079 665 4143 ill
718 4103 805 4148 cent:
830 4090 875 4161 ei,
899 4087 967 4150 Sex.
977 4085 1111 4164 Clodio,
1132 4106 1210 4155 cone
