2506 4808
137 301 203 364 ,οε
386 255 670 349 'emenone
718 279 912 359 xxxixa

136 494 206 558 quo
227 444 291 560 'ego
315 469 492 545 dederam,
531 469 621 535 etad
643 491 698 534 me
719 475 755 534 in
778 468 997 537 Formianum
1020 495 1035 537 r

137 574 215 640 esse.
258 573 374 656 Itaque
396 576 457 638 tibi
479 571 572 636 illam
591 572 765 660 epistolam
783 570 856 639 iusi
872 574 1014 657 referri3

137 673 364 760 intelligeres,
387 696 487 759 quam
503 670 587 737 mihi
601 686 678 739 tuae
695 673 772 740 illae
787 687 902 764 gratae
915 675 1035 743 fuisien

98 778 128 842 '2
219 774 349 842 Romae
366 777 458 860 quod
471 774 591 840 scribis
610 773 712 851 iteri,
738 782 787 842 ita'
804 781 976 863 putabam.
1019 787 1035 847 i

122 879 211 944 ‘cule
226 884 261 945 in
275 883 366 964 agris
383 899 453 942 non
466 875 593 963 filetnr:
617 900 680 943 nec
694 884 762 943 iam
775 876 834 966 ipfi
857 885 930 967 agri
951 902 1035 969 regn

135 982 243 1049 strum
260 982 350 1046 ferre
367 976 513 1066 possunt.
558 976 596 1043 Si
616 1001 698 1044 vero
712 985 749 1045 in
762 977 850 1045 hanc
870 983 1035 1068 τηλέτυλοι

135 1092 185 1152 ris
203 1083 470 1169 Λαιστρυγονίην,
500 1085 556 1163 qui
570 1081 726 1145 fremitus
741 1079 943 1147 hominum?
991 1106 1034 1168 qu

135 1192 162 1249 ti
184 1180 309 1249 animi?
348 1193 476 1265 quanto
489 1185 525 1244 in
539 1181 618 1245 odio
633 1181 750 1247 noster
762 1190 889 1263 amicus
903 1185 1036 1273 Magnu

135 1294 189 1354 ins
207 1303 401 1375 cognomen
417 1303 484 1346 una
502 1304 579 1345 cum
595 1280 699 1348 Craffi
713 1283 839 1352 Divitis
861 1293 1035 1377 cognomit

515 1508 784 1525 -n—-u-a

178 1679 263 1736 illam
296 1668 473 1755 epistolam]
526 1669 620 1755 Vulg.
679 1680 841 1754 στρυγονιήν
883 1675 979 1759 vulgo
1022 1695 1035 1735 t

133 1773 216 1822 tuam
235 1761 389 1836 epistolam
404 1751 508 1839 potest
530 1758 622 1816 intel·
679 1750 888 1818 Formiasrtico
897 1783 910 1831 ;
927 1759 1034 1844 quodi

131 1848 186 1932 ligi
200 1843 361 1929 epistolam
379 1863 395 1904 a
410 1862 461 1902 me
477 1841 620 1919 scriptum
676 1846 741 1902 vius
759 1842 883 1906 Utfinm
899 1862 930 1906 et
952 1849 1035 1907 Junit

133 1922 216 2017 queo
233 1933 288 1992 tibi
303 1928 487 1990 debebatur.
525 1926 621 1987 ldta·
676 1926 859 1990 censuerunt
890 1929 1035 1992 infititiun

131 2041 207 2079 men
228 2030 361 2098 propter
382 2013 540 2095 sequentia
562 2011 620 2073 ob·
674 2013 773 2093 idque
801 2036 843 2076 eo
866 2020 964 2100 magis
995 2020 1035 2077 de

131 2103 246 2164 seorim
285 2097 367 2160 effen
422 2099 534 2178 ltaque
570 2117 620 2160 re·
663 2101 760 2173 eret,
796 2102 886 2182 quod
907 2103 947 2163 eb
969 2123 1034 2163 uno

132 2185 235 2267 scripsi
250 2188 334 2243 illam
350 2185 513 2260 epistolam.
673 2181 731 2246 Mt
767 2184 883 2250 ebetat.
939 2187 1035 2268 Inepn‘

131 2308 134 2313 -
177 2269 349 2352 tuaeillae]
392 2268 485 2350 Vulg.
504 2270 617 2326 tumil·
673 2264 775 2330 fuiffet
791 2270 853 2332 hoc
869 2293 886 2332 n
903 2272 1035 2334 Ciceron

131 2362 190 2418 lae.
231 2358 351 2437 Recepi
371 2369 474 2413 eutem
498 2366 566 2412 tuae
583 2356 617 2411 il·
675 2359 1035 2440 quumAtticum,quidil

131 2449 197 2523 lae,
221 2443 310 2523 quod
342 2436 495 2500 Ernestiue
518 2443 618 2500 verius
676 2443 718 2499 cie
749 2437 808 2500 istis
837 2442 936 2503 verbis
969 2445 1035 2524 defit

131 2528 192 2594 esse
206 2532 390 2588 coniecerat.
675 2523 763 2585 nullo
790 2527 891 2588 modo
915 2530 1025 2614 fugere

131 2608 140 2625 ¹
173 2607 202 2674 2}
214 2608 321 2695 sileri]
345 2611 508 2670 Neminem
524 2607 620 2669 recle·
674 2609 788 2669 Fuerat
830 2629 934 2672 eutem
977 2615 1035 2674 Lae

130 2720 218 2760 mare
231 2702 344 2779 iniquit
362 2693 498 2755 Caesaris
510 2699 595 2757 actis.
674 2714 750 2755 num
770 2693 857 2758 sedet
876 2702 908 2758 in
929 2720 1005 2783 egro
1022 2703 1035 2761 1

184 2790 340 2856 τηλὲπυλον
375 2778 614 2863 Λαιστρυγονίην]
671 2800 727 2841 110.

130 2870 176 2930 Ex
204 2871 336 2930 Homeri
367 2861 472 2948 Odyff.
500 2867 539 2926 K.
563 2881 614 2937 82.
714 2864 794 2922 cuius
823 2874 1035 2943 cognomen'ut

130 2957 300 3033 Perpetem
327 2951 485 3011 Corradus
505 2965 536 3009 et
561 2953 616 3010 Er·
676 2945 772 3025 Crassi
785 2953 888 3010 divitis
902 2974 1035 3031 cognomi

130 3036 243 3100 nestius
272 3042 304 3097 in
332 3035 428 3096 Cleve
460 3039 614 3105 τηλὲπυλον
664 3035 809 3118 senescit]
864 3038 1011 3119 Pompeii

130 3143 192 3205 pro
219 3126 348 3182 nomine
369 3123 502 3200 proprio
529 3140 615 3180 eece·
670 3142 743 3179 men
764 3121 859 3194 illud,
891 3126 1030 3206 Magnus

129 3223 261 3290 perunt3
284 3227 380 3288 quum
396 3219 516 3264 tentum
526 3201 615 3287 ligni·
671 3205 899 3279 celebritatem,
937 3207 1035 3270 honot

129 3293 203 3354 ficet
224 3291 335 3352 urbem
361 3287 614 3371 Laestrygoniem
673 3294 793 3354 emittit.
832 3294 1035 3372 quemadmot

128 3394 239 3461 portas
279 3373 391 3436 dissitas
438 3373 615 3436 habentem.
674 3373 786 3451 Craffi,
811 3382 864 3456 qui
879 3379 972 3438 Dives
987 3401 1025 3438 ex

129 3466 243 3524 Cicero
258 3465 363 3522 eu'tem
382 3458 444 3520 hoc
462 3459 614 3522 adiectivo
673 3460 846 3540 appellatus
861 3459 913 3536 est,
933 3465 1035 3544 opibu.

127 3553 284 3620 τηλὲπυλος
301 3544 466 3616 licuntur,
492 3559 529 3604 ut
548 3561 615 3605 ten·
670 3549 752 3605 nutis
784 3567 963 3629 cognomen
995 3571 1035 3629 pa

128 3649 197 3693 tum
224 3632 265 3691 ed
291 3633 360 3704 τῆλε
386 3629 545 3710 respiciet,
583 3645 614 3690 et
669 3627 877 3713 exstinguitur.
905 3635 1035 3700 Sicenir

128 3717 210 3780 hanc
232 3717 334 3778 sedem
356 3737 375 3775 a
398 3715 503 3776 Roma
533 3712 614 3773 dtffi-
669 3731 797 3794 pretor,
833 3737 915 3790 non,
951 3735 988 3778 ut
1011 3719 1035 3778 a]

129 3820 192 3865 tam
217 3820 248 3863 et
271 3817 426 3861 remotam
454 3798 611 3882 significet,
670 3799 793 3860 Caesari
815 3822 913 3883 remp.
930 3823 1035 3863 vexent

127 3895 249 3971 quippe
267 3886 321 3947 ubi
341 3885 397 3946 fittt
417 3884 514 3966 plene
533 3884 614 3944 rele-
668 3905 734 3964 que
764 3881 965 3949 assentiretur.
1010 3891 1035 3948 N

129 3991 235 4054 gemm
252 3972 349 4032 videti
358 3971 545 4050 dixeratep.
560 3981 611 4044 38.
665 3968 849 4031 sententiam
879 3971 1035 4033 confirmat

130 4063 277 4122 Ceterum
303 4053 376 4140 post
397 4054 526 4120 verbum
546 4065 613 4116 Aet·
667 4059 731 4118 rius
750 4057 905 4118 Maximus
927 4057 984 4121 lib.
999 4060 1035 4121 Vi
