2506 4808
148 330 223 406 nn
384 299 960 389 -tutsro'un'cxuvuu
1061 344 1067 352 x

100 552 107 563 ·
162 523 269 582 tinam
286 517 357 576 eius
376 505 607 573 tlel'ensruneur
624 505 777 578 Gabinii,
802 525 902 586 quem
918 508 1097 591 proximis
1124 499 1212 590 supe·

164 619 312 683 rioribus
331 615 451 676 diebus
476 614 639 673 acerrime
655 604 912 693 oppugnassent,
932 617 1071 678 tamen,
1104 603 1127 667 fi
1148 602 1214 668 fine

84 695 92 707 ἱ
163 718 231 785 nlla
253 736 326 780 ntea
344 710 549 775 contumelia
574 706 785 795 suscepisset,
806 704 969 771 tulissem:
1001 705 1083 780 scd,
1107 728 1213 789 quum

163 841 219 885 rue
247 817 496 903 disputantem,
531 832 600 874 uon
623 807 856 881 lacessentem,
887 806 1049 881 laesisset,
1088 805 1213 882 exarsi,

163 944 234 987 non
258 919 365 984 solutu
384 914 567 1005 praesenti,
591 910 713 983 orello,
735 909 927 982 iracundia,
952 910 1061 991 (nam
1080 930 1123 974 ea
1144 923 1214 974 tam

165 1020 350 1088 vehemens
375 1014 507 1083 fortasse
532 1035 603 1078 uon
631 1009 764 1095 suisset)
795 1010 866 1085 sed,
907 1032 1014 1094 quum
1040 1011 1213 1079 inclusum

164 1121 387 1189 illudentium
411 1118 594 1183 multarunt
619 1120 691 1178 eius
714 1120 750 1178 in
773 1136 828 1178 tue
857 1118 1086 1187 iniuriarum,
1122 1115 1212 1198 quod

167 1246 230 1312 ego
256 1243 312 1285 rue
338 1216 489 1284 effudisse
519 1236 620 1282 omne
644 1216 850 1288 arbitrabar,
890 1211 1064 1279 refiduum
1096 1227 1213 1280 tamen

163 1323 326 1390 insciente
354 1342 408 1383 ure
437 1318 549 1384 suisset
573 1338 696 1390 omne,
734 1325 875 1402 repente
903 1322 1075 1404 apparuit.
1138 1316 1212 1409 Quo

164 1426 301 1510 quidem
319 1434 476 1508 temporo
497 1418 586 1506 ipsu,
607 1419 744 1502 quislaru
760 1417 937 1492 homiues,
959 1430 995 1481 et
1011 1417 1126 1483 iidem
1149 1419 1213 1493 illi,

166 1546 251 1611 quos
276 1522 371 1609 saepe
394 1531 496 1593 nutu,
529 1517 837 1611 significationeque
860 1517 1013 1606 appello,
1047 1540 1164 1602 quum
1184 1518 1214 1585 se

164 1630 350 1690 niaximum
372 1623 523 1686 fructum
544 1618 843 1710 cepisse-(licerent
864 1642 907 1684 ex
928 1618 1098 1687 libertate
1122 1644 1214 1698 mea,

549 1797 819 1811 mun—u·

156 1856 216 1951 ¹tue
232 1887 372 1961 reverso,
395 1888 436 1950 de
455 1887 549 1949 rebus
567 1907 583 1946 s
602 1887 656 1963 Ci·
713 1887 917 1965 oppugnasset,
959 1848 1104 1949 sed'vtx
1131 1888 1214 1951 credi

37 2018 43 2041 t
132 2042 136 2047 ,
165 1996 282 2055 corono
304 1974 430 2038 consule
453 1980 484 2036 iu
506 1971 584 2034 urbe
602 1993 655 2055 ge·
712 1972 815 2052 potest
825 1971 992 2033 Gabinium
1008 1979 1128 2053 paucis
1145 1991 1215 2035 ente

163 2058 213 2121 llis
237 2058 425 2123 ornetillime
447 2061 571 2120 locutus
595 2050 682 2128 ett,'
713 2058 821 2118 diebus
857 2077 876 2117 e
908 2052 1019 2117 Crasso
1057 2064 1214 2120 acerrimo

164 2152 249 2206 cuins
259 2151 410 2207 orationis
429 2143 575 2204 illustrem
592 2141 656 2202 sen·
711 2156 944 2224 oppugnatum,
959 2142 1085 2203 deinde
1102 2164 1214 2225 repen·

163 2236 293 2291 tentiam
329 2252 426 2312 quum
466 2231 578 2290 Cicero
614 2227 655 2287 ad
688 2243 743 2287 -to
764 2226 922 2287 defensum
951 2223 1053 2289 tuille.
1101 2231 1214 2313 ltaque

160 2318 299 2377 Atticum
324 2313 496 2396 scripsisset,
533 2312 656 2374 subiun-
709 2313 878 2374 lectionum
893 2312 963 2387 cod.
979 2312 1090 2397 Terg.
1107 2314 1213 2377 Asel.

162 2406 221 2461 xit:
243 2404 288 2459 nic
302 2405 365 2460 dies
381 2423 428 2458 nte
445 2401 531 2457 vctlde
552 2394 654 2475 Crustu
713 2398 859 2459 Gulielrn.
882 2412 914 2457 et
937 2397 1132 2462 Gruteriani
1152 2399 1215 2462 vul·

162 2490 312 2546 adiunxit.
358 2485 472 2545 Rursus
488 2489 654 2545 odiuntin·
711 2501 803 2567 gatae
826 2503 896 2544 cum
916 2482 1100 2548 Benedicto
1125 2507 1214 2568 pree·

162 2589 285 2634 tereos
309 2569 448 2639 emersu,
480 2590 545 2650 ‹puo
569 2589 653 2631 enno
711 2569 776 2631 tuli.

162 2657 235 2740 lego
259 2658 372 2718 Clodia
402 2657 513 2716 Cicero
549 2653 654 2735 pulsus
754 2655 954 2729 disputantem
979 2682 1032 2702 -·
1056 2655 1213 2739 laefiffet]

163 2741 225 2813 ott,
257 2740 363 2803 Crasso
389 2742 535 2800 Clodium
566 2742 654 2798 edin-
712 2758 809 2822 quum
823 2737 876 2798 ille
890 2756 942 2797 mo
955 2739 1012 2819 qui
1028 2741 1138 2818 ipliarn
1151 2760 1214 2802 uon

162 2843 272 2899 vente,
296 2842 330 2886 ut
347 2831 377 2886 in
394 2824 561 2886 Plutarcho
578 2825 654 2908 legi·
710 2821 876 2894 laesissem,
900 2821 952 2882 sets
976 2837 1110 2884 tantum
1141 2846 1214 2888 con·

162 2932 241 2973 mus.
285 2913 400 2973 lterum
420 2928 523 2971 autern
542 2930 640 2970 recen
710 2926 758 2971 tro
786 2910 953 2969 Gabinium
982 2909 1212 2986 disputassem,

161 2998 274 3070 ciliani,
304 2995 445 3057 rellituto
466 3001 498 3055 in
519 2999 654 3076 petrium
711 3011 815 3056 tumen
842 2992 1075 3055 contumelioso
1114 2996 1213 3058 verbis

162 3082 334 3152 Cicerone,
365 3084 578 3142 intercedente
593 3082 654 3140 Pu·
709 3076 847 3142 neuster.

160 3165 229 3227 blio
249 3164 345 3226 Crnlli
371 3166 454 3237 silio,
492 3168 653 3226 Ciceronis
754 3167 889 3241 insciente
910 3184 959 3222 me
976 3163 1117 3248 fnisset]
1141 3165 1214 3226 Vul·

162 3250 383 3321 amantissimo,
417 3268 452 3311 ut
475 3253 558 3311 idern
583 3244 652 3310 Plu·
710 3266 752 3335 ‘go
776 3256 881 3329 inepte
902 3250 1019 3333 legitur
1038 3253 1214 3325 inscientem

160 3335 295 3397 turchos.
339 3340 525 3397 Tertintum
544 3332 653 3395 dissone
709 3334 903 3413 tnefugiffet.
948 3334 1053 3396 ltnmo
1071 3338 1214 3412 insciente

161 3418 254 3482 lionis
290 3437 356 3483 turn
391 3423 653 3482 reconciliationis
710 3441 758 3478 me
772 3420 878 3496 fuiffcu
897 3432 1006 3480 votum
1024 3416 1091 3492 est,
1115 3425 1215 3505 idque

162 3507 249 3568 ceule
268 3505 317 3566 hic
331 3513 507 3588 exponitur.
531 3504 652 3568 Mannt.
710 3524 780 3567 curn
795 3505 903 3565 Lrnnb.
927 3519 959 3565 et
975 3482 1123 3568 Graevio
1151 3513 1214 3570 edi·

202 3591 400 3668 defenfionem
432 3590 576 3673 Gabinii]
620 3595 653 3651 in
710 3588 751 3651 diss
790 3587 915 3669 Ernesti.
960 3590 1090 3652 Frustra
1131 3594 1215 3654 illem

158 3675 282 3749 seusun,
316 3698 411 3759 quum
439 3683 469 3737 in
494 3674 651 3735 absentem
710 3677 838 3739 alterurn
854 3675 993 3736 defendit
1008 3673 1214 3742 Benedictus.

159 3764 328 3823 Gabinium
352 3759 541 3822 acerbissimo
567 3764 652 3820 inve·
713 3808 716 3817 .
743 3754 850 3843 firiffet
867 3782 962 3833 ntnne,
986 3764 1145 3849 repente]
1161 3769 1217 3828 ‚Sic

159 3862 225 3909 etus
259 3846 301 3908 est
323 3851 432 3908 Cicero
489 3846 577 3906 Onu.
610 3845 652 3906 de
709 3848 1003 3931 strepui-tagum
1028 3848 1149 3912 melius
1171 3857 1218 3913 iu·

158 3948 248 4012 prov.
273 3931 355 3994 cons.
381 3953 406 3997 c.
421 3940 452 4009 4.
474 3926 540 4012 sqq.
580 3929 650 3994 Ma·
709 3930 864 3992 terlllnxit.
910 3931 1039 4015 Vulgo:
1079 3932 1217 4017 fumet,

159 4028 221 4076 eut.
709 4038 795 4077 omne
812 4028 933 4092 repente
946 4023 1112 4092 uppinruit.

197 4095 433 4184 oppugnantia]
471 4099 576 4187 Vulgo
604 4098 653 4167 est
714 4100 1032 4187 *effinse-dicerent]
1052 4104 1220 4197 Martyres·
