2506 4808
362 290 646 360 EPISTOLA
686 290 855 360 ΧῑῙΙῙΙ.ι
1071 314 1119 387 69

71 485 79 525 ¹
129 479 248 556 noreio,
268 480 356 565 qnod
374 487 476 544 etiam
492 477 559 543 fine
580 478 755 545 dicacitate
776 479 922 555 ridetur,
942 481 1027 550 facie
1051 507 1119 551 maz

126 591 177 671 gis,
195 602 288 668 qoam
309 585 440 648 facetiis
462 580 647 662 ridiculus3
668 579 753 645 nibil
775 603 880 668 agens
902 606 981 648 cum
1001 606 1038 649 re
1061 609 1120 673 pn·

123 686 202 760 ilica,
230 684 397 751 seiunctus
424 686 465 747 ab
491 685 731 770 optimatibus5
762 701 869 766 aquo
894 683 981 749 nihil
1006 685 1119 774 ipcrec

118 789 179 851 loni
197 792 245 851 rei
265 787 435 876 publicae,
458 791 535 868 quia
552 806 626 848 non
645 782 734 856 vuit,
769 780 856 847 nihil
875 798 1008 851 metuas
1023 786 1120 861 mali,

116 894 258 971 quianon
282 888 394 954 audet.
436 885 520 950 Eius
539 897 652 948 autem
672 881 803 967 collega
827 896 860 947 et
880 892 918 949 in
933 909 987 949 me
1001 886 1123 974 perho-

113 986 274 1063 notifices,
299 1002 334 1053 et
349 993 494 1075 partium
510 983 693 1055 studiosus,
717 1005 754 1047 ac
770 983 930 1050 defensor
944 990 1121 1055 bonarum.

111 1088 292 1179 Quinimmo
305 1089 425 1154 leviter
438 1094 529 1151 inter
543 1083 575 1149 se
589 1082 755 1151 diffident.
989 1148 992 1155 ,

71 1248 74 1279 :
112 1212 116 1221 ·
178 1191 247 1259 Sed
270 1209 409 1262 vereor,
437 1209 481 1251 ne
501 1183 588 1260 h'oc,
612 1186 704 1269 qnod
726 1187 892 1255 infectum
915 1189 980 1264 eit,
1011 1190 1151 1281 ienpet3

108 1293 240 1383 loegius.
285 1289 401 1358 Credo
422 1294 515 1353 enim
537 1299 572 1350 te
593 1285 734 1362 audine,
766 1291 989 1381 quum-opud
1008 1292 1122 1363 caesa·

113 1418 170 1461 rem
186 1392 402 1484 prolpopnlo
423 1388 537 1462 fieret,
558 1386 681 1454 venisse
704 1411 745 1454 eo
765 1391 922 1458 muliebri
943 1393 1063 1461 vestitu
1079 1401 1123 1463 vi·

112 1518 188 1578 nm3
206 1497 353 1578 ideoque
372 1488 571 1557 sacrificium
591 1511 693 1572 quum
708 1496 857 1580 virgines
877 1493 1124 1571 instaurallent,

110 1603 305 1665 mentionem
329 1593 406 1686 aQ.
423 1589 608 1667 Cornificio
625 1598 666 1687 ι1η
687 1590 963 1670 senatiuiactam:
987 1602 1037 1681 (is
1058 1597 1124 1667 fuit

474 1764 745 1785 m

144 1855 327 1939 quodetiam
339 1855 406 1932 fine
426 1855 584 1912 dicacitate
641 1873 704 1935 que
718 1855 858 1936 exposuit
876 1858 1055 1918 Gronovius
1068 1854 1126 1936 fic3

118 1939 235 2022 ridetur]
270 1938 335 2000 hoc
361 1940 429 2000 non
447 1936 510 2014 est,
548 1954 585 1998 ut
634 1959 753 2000 nereor
762 1960 804 2002 ne
819 1944 909 2023 qnod
919 1942 994 2005 tabe
1009 1941 1126 2021 velpe»

71 2082 73 2091 .
113 2024 584 2104 ·(ineviucinterpcetetur,quod
640 2021 685 2083 lie
705 2042 883 2087 contectum
897 2025 1064 2088 alterabat
1079 2042 1126 2087 otu·

115 2112 200 2173 nilne
214 2111 369 2182 selencii,
387 2114 442 2189 qni
457 2112 585 2169 minime
642 2129 705 2190 que
737 2111 852 2172 inficiat
888 2110 1060 2183 ulteriore,
1092 2110 1128 2171 id

111 2195 332 2266 ientnicaces,
371 2193 436 2253 hoc
459 2193 586 2263 ell2viri
642 2192 702 2266 est,
731 2215 773 2255 ne
794 2197 863 2257 tolie
886 2196 1001 2258 Coniul
1021 2194 1127 2263 Colle·

117 2281 255 2343 moderati
291 2295 324 2339 et
358 2299 483 2363 grewen,
531 2276 586 2338 sed
642 2298 701 2361 geo
729 2279 814 2341 soem
842 2281 973 2343 scabiem
996 2282 1125 2343 affricet.

112 2372 221 2444 potine,
249 2364 340 2445 quod
361 2384 458 2447 genui
477 2384 585 2424 moro·
639 2362 792 2426 Ernestins
814 2367 917 2428 addit:
936 2367 1011 2426 eliac
1024 2366 1129 2426 dicere

111 2450 369 2512 &cavillationis
397 2455 430 2510 in
458 2448 586 2509 homine
637 2449 840 2524 Ciceronem,
856 2473 897 2512 ne
911 2455 1059 2534 contagio
1068 2450 1130 2511 ier·

115 2538 236 2610 iiletur,
257 2531 375 2594 ctiamfi
393 2555 464 2595 non
486 2533 523 2594 lit
541 2534 586 2593 di·
642 2550 699 2614 pet
710 2535 845 2616 longius,
866 2537 919 2597 sed
932 2536 993 2598 l1.l.
1009 2533 1129 2616 expres·

110 2643 176 2695 cix,
200 2621 230 2684 h.
250 2641 279 2683 e.
303 2618 438 2681 breviter
461 2634 493 2681 et
516 2639 587 2679 eco-
634 2616 710 2678 -fiffe
725 2624 833 2679 vitium
852 2641 923 2681 cum
941 2622 1087 2682 subiecto.

116 2709 232 2768 tedictis
248 2705 380 2767 festivus.
444 2750 447 2755 .
505 2752 509 2757 .
685 2706 870 2788 teeudiffe]
906 2708 1017 2766 Cicero
1041 2707 1130 2765 nimi·

149 2795 217 2851 nihil
230 2811 321 2871 agens
335 2811 446 2848 cumi-e
457 2788 587 2870 publica]
644 2809 713 2847 rum
736 2788 850 2850 oblitus
873 2806 958 2862 eret,
977 2789 1009 2848 le
1030 2791 1070 2848 de
1092 2809 1131 2848 en

119 2875 152 2937 est
175 2876 258 2957 quefi
281 2896 348 2938 non
375 2874 526 2934 adhibens
555 2880 588 2935 in
644 2895 679 2932 ro
704 2878 766 2932 inm
793 2895 841 2955 ep.
869 2877 917 2937 16.
941 2875 982 2934 ed
996 2875 1131 2936 Atticum

119 2961 261 3023 confilium
305 2982 372 3020 rem
411 2959 587 3038 publicem,
643 2955 797 3037 scripsille.
1112 3008 1116 3016 .

118 3066 171 3110 non
192 3052 331 3132 cogitans
353 3045 431 3125 quid
458 3065 495 3105 ex
522 3049 587 3104 eius
637 3042 640 3077 ³
688 3041 832 3124 ideoque]
890 3042 996 3126 Vulgo
1035 3045 1130 3120 idque.

119 3131 216 3196 niulit.
260 3129 393 3190 Gronov.
645 3130 708 3187 Sed
729 3128 837 3188 melius
859 3145 985 3190 auctore
1001 3129 1130 3188 Mureto

151 3233 178 3289 3.
206 3239 243 3275 ne
272 3220 326 3274 hoc
348 3215 425 3292 quod
447 3211 590 3282 infectum
645 3214 759 3295 legitur
773 3212 911 3289 ideoque,
932 3219 950 3274 i.
968 3234 994 3272 e.
1012 3230 1042 3273 et
1056 3234 1133 3292 pro·

118 3301 168 3385 ιβ]
207 3304 351 3362 Muretus
367 3298 428 3360 hoc
446 3296 487 3359 fic
501 3299 591 3358 intel·
645 3314 717 3380 pter
733 3297 813 3358 hanc
830 3298 969 3371 causam,
996 3304 1066 3376 qnia
1091 3297 1134 3373 in·

117 3386 236 3472 ligebet:
279 3391 376 3446 timeo
405 3403 447 3445 ne
468 3384 591 3443 maculo
647 3405 698 3442 cro
718 3383 841 3462 polluta
862 3382 973 3454 client,
992 3386 1132 3465 Virgines

116 3492 186 3554 quae
217 3471 373 3533 nClodio
400 3468 592 3548 reipublicae
647 3464 784 3528 Vestales
810 3467 987 3528 sacrificium
1024 3467 1135 3527 insten-

114 3555 223 3638 clpersn
252 3553 297 3617 est
330 3554 433 3633 serpet
458 3553 592 3637 longius.
647 3549 769 3614 rellent.

113 3644 223 3704 Verum
262 3642 304 3701 de
338 3640 442 3699 Clodii
477 3636 593 3698 incestu
692 3639 869 3696 mentionem
901 3659 920 3692 a
942 3637 979 3717 Q.
998 3632 1134 3705 Cornifi·

102 3731 218 3791 -Gicero
239 3724 384 3788 nondum
406 3723 525 3803 aliquid
550 3723 595 3780 di·
652 3725 697 3780 cio
718 3721 854 3803 factam]
879 3717 1066 3779 Mentt'oncm
1090 3719 1136 3777 di-

110 3830 198 3875 xerat.
253 3811 366 3890 Itaque
394 3828 491 3888 quum
519 3828 595 3888 pro·
651 3811 730 3866 citur
738 3805 844 3886 facere
858 3810 903 3865 rei
920 3808 1042 3865 alicuius
1050 3804 1137 3878 senc·

99 3917 224 3962 -uomen
240 3897 295 3952 hoc
313 3894 353 3953 ad
367 3893 594 3961 antecedentia,
652 3904 718 3964 tor,
733 3897 787 3972 qui
809 3891 883 3951 loco
904 3890 1072 3950 sententiae
1096 3888 1138 3946 dc

107 4004 167 4046 non
183 3981 229 4041 nd
243 4000 283 4038 ee
301 3998 394 4060 qnae·
406 3975 592 4057 sequuntur,
653 3998 690 4037 ea
706 3998 760 4049 re,
783 3976 899 4056 deque
916 3973 1045 4033 relatum
1061 3972 1136 4040 suit,

102 4064 305 4132 referendum
330 4061 382 4136 iit,
404 4061 515 4123 melius
538 4064 597 4121 uti·
636 4061 832 4143 -aliudquid
850 4060 1138 4137 inieneiupropo*

545 4198 551 4249 r.

519 4254 547 4353 s
