<?xml version="1.0" encoding="UTF-8"?>
<!DOCTYPE html PUBLIC "-//W3C//DTD XHTML 1.0 Transitional//EN"
    "http://www.w3.org/TR/xhtml1/DTD/xhtml1-transitional.dtd">
<html xmlns="http://www.w3.org/1999/xhtml" xml:lang="en" lang="en">
 <head>
  <title>
</title>
<meta http-equiv="Content-Type" content="text/html;charset=utf-8" />
  <meta name='ocr-system' content='tesseract 3.04.00' />
  <meta name='ocr-capabilities' content='ocr_page ocr_carea ocr_par ocr_line ocrx_word'/>
</head>
<body>
  <div class='ocr_page' id='page_1' title='image "./mtciceronisepis00billgoog/mtciceronisepis00billgoog_0689.png"; bbox 0 0 2580 4792; ppageno 0'>
   <div class='ocr_carea' id='block_1_1' title="bbox 169 295 988 406">
    <p class='ocr_par' dir='ltr' id='par_1_1' title="bbox 169 295 988 406">
     <span class='ocr_line' id='line_1_1' title="bbox 169 295 988 406; baseline -0.022 -13"><span class='ocrx_word' id='word_1_1' title='bbox 169 332 235 406; x_wconf 64' lang='lat' dir='ltr'>m</span> <span class='ocrx_word' id='word_1_2' title='bbox 385 300 661 385; x_wconf 70' lang='lat' dir='ltr'>aristo-na</span> <span class='ocrx_word' id='word_1_3' title='bbox 702 295 988 378; x_wconf 67' lang='lat' dir='ltr'>chxvnn</span> 
     </span>
    </p>
   </div>
   <div class='ocr_carea' id='block_1_2' title="bbox 140 484 1219 1196">
    <p class='ocr_par' dir='ltr' id='par_1_2' title="bbox 172 484 1218 696">
     <span class='ocr_line' id='line_1_2' title="bbox 172 484 1216 590; baseline -0.011 -13"><span class='ocrx_word' id='word_1_4' title='bbox 172 506 259 579; x_wconf 90' lang='lat' dir='ltr'>velle</span> <span class='ocrx_word' id='word_1_5' title='bbox 271 507 414 573; x_wconf 89' lang='lat' dir='ltr'>debere:</span> <span class='ocrx_word' id='word_1_6' title='bbox 443 525 512 568; x_wconf 89' lang='lat' dir='ltr'>non</span> <span class='ocrx_word' id='word_1_7' title='bbox 535 501 703 573; x_wconf 84' lang='lat' dir='ltr'>dubitavi,</span> <span class='ocrx_word' id='word_1_8' title='bbox 720 498 756 562; x_wconf 92' lang='lat' dir='ltr'>id</span> <span class='ocrx_word' id='word_1_9' title='bbox 774 519 791 562; x_wconf 90' lang='lat' dir='ltr'>a</span> <span class='ocrx_word' id='word_1_10' title='bbox 806 509 840 562; x_wconf 92' lang='lat' dir='ltr'>te</span> <span class='ocrx_word' id='word_1_11' title='bbox 856 519 920 586; x_wconf 88' lang='lat' dir='ltr'>per</span> <span class='ocrx_word' id='word_1_12' title='bbox 942 496 1072 565; x_wconf 83' lang='lat' dir='ltr'><strong>literas</strong></span> <span class='ocrx_word' id='word_1_13' title='bbox 1091 484 1216 590; x_wconf 72' lang='lat' dir='ltr'>petere,</span> 
     </span>
     <span class='ocr_line' id='line_1_3' title="bbox 176 594 1218 696; baseline -0.011 -19"><span class='ocrx_word' id='word_1_14' title='bbox 176 612 266 696; x_wconf 82' lang='lat' dir='ltr'>qnotl</span> <span class='ocrx_word' id='word_1_15' title='bbox 279 608 364 674; x_wconf 87' lang='lat' dir='ltr'>mihi</span> <span class='ocrx_word' id='word_1_16' title='bbox 378 610 531 671; x_wconf 74' lang='lat' dir='ltr'>hionium</span> <span class='ocrx_word' id='word_1_17' title='bbox 549 601 628 667; x_wconf 90' lang='lat' dir='ltr'>eslet</span> <span class='ocrx_word' id='word_1_18' title='bbox 643 607 848 674; x_wconf 85' lang='lat' dir='ltr'>maximum,</span> <span class='ocrx_word' id='word_1_19' title='bbox 866 605 1098 683; x_wconf 82' lang='lat' dir='ltr'>maximeque</span> <span class='ocrx_word' id='word_1_20' title='bbox 1117 594 1218 668; x_wconf 70' lang='lat' dir='ltr'>nec&#39;bl·</span> 
     </span>
    </p>

    <p class='ocr_par' dir='ltr' id='par_1_3' title="bbox 140 700 1219 1196">
     <span class='ocr_line' id='line_1_4' title="bbox 140 700 1217 791; baseline -0.01 -12"><span class='ocrx_word' id='word_1_21' title='bbox 140 729 147 737; x_wconf 91' lang='grc'><em>“</em></span> <span class='ocrx_word' id='word_1_22' title='bbox 175 713 307 778; x_wconf 90' lang='lat' dir='ltr'>sarium.</span> <span class='ocrx_word' id='word_1_23' title='bbox 350 709 469 791; x_wconf 87' lang='lat' dir='ltr'><strong>Neque</strong></span> <span class='ocrx_word' id='word_1_24' title='bbox 494 709 585 770; x_wconf 90' lang='lat' dir='ltr'>enlm</span> <span class='ocrx_word' id='word_1_25' title='bbox 607 701 676 766; x_wconf 89' lang='lat' dir='ltr'>sum</span> <span class='ocrx_word' id='word_1_26' title='bbox 692 707 840 776; x_wconf 73' lang='lat' dir='ltr'>verituS,</span> <span class='ocrx_word' id='word_1_27' title='bbox 862 723 905 765; x_wconf 90' lang='lat' dir='ltr'>ne</span> <span class='ocrx_word' id='word_1_28' title='bbox 930 700 1103 767; x_wconf 83' lang='lat' dir='ltr'>sustinere</span> <span class='ocrx_word' id='word_1_29' title='bbox 1118 710 1217 769; x_wconf 88' lang='lat' dir='ltr'>tuaiu</span> 
     </span>
     <span class='ocr_line' id='line_1_5' title="bbox 177 802 1218 893; baseline -0.01 -12"><span class='ocrx_word' id='word_1_30' title='bbox 177 838 232 881; x_wconf 90' lang='lat' dir='ltr'>me</span> <span class='ocrx_word' id='word_1_31' title='bbox 254 817 372 877; x_wconf 90' lang='lat' dir='ltr'>merita</span> <span class='ocrx_word' id='word_1_32' title='bbox 386 807 446 874; x_wconf 62' lang='lat' dir='ltr'>velv</span> <span class='ocrx_word' id='word_1_33' title='bbox 460 802 717 871; x_wconf 83' lang='lat' dir='ltr'>¹innumerabilia</span> <span class='ocrx_word' id='word_1_34' title='bbox 740 820 809 868; x_wconf 89' lang='lat' dir='ltr'>non</span> <span class='ocrx_word' id='word_1_35' title='bbox 831 805 977 892; x_wconf 82' lang='lat' dir='ltr'>possem:</span> <span class='ocrx_word' id='word_1_36' title='bbox 1008 826 1120 887; x_wconf 90' lang='lat' dir='ltr'>quum</span> <span class='ocrx_word' id='word_1_37' title='bbox 1137 826 1218 893; x_wconf 85' lang='lat' dir='ltr'>prae</span> 
     </span>
     <span class='ocr_line' id='line_1_6' title="bbox 179 903 1218 1003; baseline -0.008 -23"><span class='ocrx_word' id='word_1_38' title='bbox 179 915 291 1003; x_wconf 89' lang='lat' dir='ltr'>sertim</span> <span class='ocrx_word' id='word_1_39' title='bbox 312 908 539 989; x_wconf 75' lang='lat' dir='ltr'>confiderem,</span> <span class='ocrx_word' id='word_1_40' title='bbox 573 905 701 971; x_wconf 91' lang='lat' dir='ltr'>nullam</span> <span class='ocrx_word' id='word_1_41' title='bbox 731 903 794 972; x_wconf 86' lang='lat' dir='ltr'>esse</span> <span class='ocrx_word' id='word_1_42' title='bbox 819 913 986 994; x_wconf 84' lang='lat' dir='ltr'>gratiam,</span> <span class='ocrx_word' id='word_1_43' title='bbox 1026 928 1136 991; x_wconf 89' lang='lat' dir='ltr'>quam</span> <span class='ocrx_word' id='word_1_44' title='bbox 1159 930 1218 975; x_wconf 89' lang='lat' dir='ltr'>nou</span> 
     </span>
     <span class='ocr_line' id='line_1_7' title="bbox 174 1006 1219 1102; baseline -0.008 -19"><span class='ocrx_word' id='word_1_45' title='bbox 174 1012 233 1085; x_wconf 83' lang='lat' dir='ltr'>&#39;vel</span> <span class='ocrx_word' id='word_1_46' title='bbox 257 1030 376 1102; x_wconf 79' lang='lat' dir='ltr'>capere</span> <span class='ocrx_word' id='word_1_47' title='bbox 399 1019 531 1077; x_wconf 89' lang='lat' dir='ltr'>animus</span> <span class='ocrx_word' id='word_1_48' title='bbox 555 1026 651 1072; x_wconf 87' lang='lat' dir='ltr'>meus</span> <span class='ocrx_word' id='word_1_49' title='bbox 673 1011 708 1069; x_wconf 91' lang='lat' dir='ltr'>in</span> <span class='ocrx_word' id='word_1_50' title='bbox 736 1007 952 1094; x_wconf 84' lang='lat' dir='ltr'>accipiendo,</span> <span class='ocrx_word' id='word_1_51' title='bbox 974 1006 1037 1073; x_wconf 90' lang='lat' dir='ltr'>vel</span> <span class='ocrx_word' id='word_1_52' title='bbox 1059 1013 1099 1074; x_wconf 91' lang='lat' dir='ltr'>in</span> <span class='ocrx_word' id='word_1_53' title='bbox 1120 1031 1219 1075; x_wconf 90' lang='lat' dir='ltr'>remu·</span> 
     </span>
     <span class='ocr_line' id='line_1_8' title="bbox 182 1106 988 1196; baseline -0.016 -14"><span class='ocrx_word' id='word_1_54' title='bbox 182 1117 333 1182; x_wconf 89' lang='lat' dir='ltr'>nerando</span> <span class='ocrx_word' id='word_1_55' title='bbox 358 1112 532 1179; x_wconf 81' lang='lat' dir='ltr'>cumulare</span> <span class='ocrx_word' id='word_1_56' title='bbox 553 1122 651 1194; x_wconf 87' lang='lat' dir='ltr'>atque</span> <span class='ocrx_word' id='word_1_57' title='bbox 671 1107 837 1174; x_wconf 86' lang='lat' dir='ltr'>illustrare</span> <span class='ocrx_word' id='word_1_58' title='bbox 864 1106 988 1196; x_wconf 86' lang='lat' dir='ltr'>posset.</span> 
     </span>
    </p>
   </div>
   <div class='ocr_carea' id='block_1_3' title="bbox 154 1279 1233 3600">
    <p class='ocr_par' dir='ltr' id='par_1_4' title="bbox 154 1279 1233 3600">
     <span class='ocr_line' id='line_1_9' title="bbox 154 1279 1220 1371; baseline -0.006 -23"><span class='ocrx_word' id='word_1_59' title='bbox 154 1308 173 1348; x_wconf 80' lang='lat'><em>2</em></span> <span class='ocrx_word' id='word_1_60' title='bbox 269 1291 273 1299; x_wconf 84' lang='lat'>&#39;</span> <span class='ocrx_word' id='word_1_61' title='bbox 287 1284 362 1371; x_wconf 84' lang='lat' dir='ltr'>Ego</span> <span class='ocrx_word' id='word_1_62' title='bbox 378 1285 492 1346; x_wconf 88' lang='lat' dir='ltr'>omnia</span> <span class='ocrx_word' id='word_1_63' title='bbox 508 1301 582 1345; x_wconf 89' lang='lat' dir='ltr'>mea</span> <span class='ocrx_word' id='word_1_64' title='bbox 597 1279 722 1354; x_wconf 87' lang='lat' dir='ltr'>studia,</span> <span class='ocrx_word' id='word_1_65' title='bbox 744 1280 879 1344; x_wconf 89' lang='lat' dir='ltr'>omne&#39;m</span> <span class='ocrx_word' id='word_1_66' title='bbox 902 1298 1076 1364; x_wconf 87' lang='lat' dir='ltr'>operam,</span> <span class='ocrx_word' id='word_1_67' title='bbox 1098 1299 1220 1350; x_wconf 86' lang='lat' dir='ltr'>curam,</span> 
     </span>
     <span class='ocr_line' id='line_1_10' title="bbox 182 1379 1220 1468; baseline -0.009 -15"><span class='ocrx_word' id='word_1_68' title='bbox 182 1383 395 1456; x_wconf 87' lang='lat' dir='ltr'>industriam,</span> <span class='ocrx_word' id='word_1_69' title='bbox 418 1386 679 1468; x_wconf 82' lang='lat' dir='ltr'>cogitationem,</span> <span class='ocrx_word' id='word_1_70' title='bbox 700 1392 846 1444; x_wconf 88' lang='lat' dir='ltr'>mentem</span> <span class='ocrx_word' id='word_1_71' title='bbox 862 1379 1018 1463; x_wconf 88' lang='lat' dir='ltr'>denique</span> <span class='ocrx_word' id='word_1_72' title='bbox 1037 1392 1180 1446; x_wconf 85' lang='lat' dir='ltr'>omnem</span> <span class='ocrx_word' id='word_1_73' title='bbox 1194 1387 1220 1446; x_wconf 88' lang='lat' dir='ltr'>iu</span> 
     </span>
     <span class='ocr_line' id='line_1_11' title="bbox 183 1475 1220 1563; baseline -0.01 -11"><span class='ocrx_word' id='word_1_74' title='bbox 183 1486 322 1552; x_wconf 86' lang='lat' dir='ltr'>Milonis</span> <span class='ocrx_word' id='word_1_75' title='bbox 343 1482 514 1547; x_wconf 82' lang='lat' dir='ltr'>consulatu</span> <span class='ocrx_word' id='word_1_76' title='bbox 535 1475 613 1554; x_wconf 87' lang='lat' dir='ltr'>fixi,</span> <span class='ocrx_word' id='word_1_77' title='bbox 643 1492 677 1545; x_wconf 92' lang='lat' dir='ltr'>et</span> <span class='ocrx_word' id='word_1_78' title='bbox 698 1479 824 1546; x_wconf 87' lang='lat' dir='ltr'>locavi:</span> <span class='ocrx_word' id='word_1_79' title='bbox 856 1479 1029 1563; x_wconf 90' lang='lat' dir='ltr'>statuique</span> <span class='ocrx_word' id='word_1_80' title='bbox 1051 1487 1091 1544; x_wconf 95' lang='lat' dir='ltr'>in</span> <span class='ocrx_word' id='word_1_81' title='bbox 1118 1504 1158 1546; x_wconf 92' lang='lat' dir='ltr'>eo</span> <span class='ocrx_word' id='word_1_82' title='bbox 1178 1500 1220 1544; x_wconf 86' lang='lat' dir='ltr'>me</span> 
     </span>
     <span class='ocr_line' id='line_1_12' title="bbox 184 1581 1220 1678; baseline -0.01 -26"><span class='ocrx_word' id='word_1_83' title='bbox 184 1582 377 1678; x_wconf 77' lang='lat' dir='ltr'>non-officii</span> <span class='ocrx_word' id='word_1_84' title='bbox 398 1582 503 1647; x_wconf 89' lang='lat' dir='ltr'>solum</span> <span class='ocrx_word' id='word_1_85' title='bbox 527 1581 697 1656; x_wconf 82' lang='lat' dir='ltr'>fructum,</span> <span class='ocrx_word' id='word_1_86' title='bbox 727 1581 784 1647; x_wconf 85' lang='lat' dir='ltr'>sed</span> <span class='ocrx_word' id='word_1_87' title='bbox 800 1587 898 1647; x_wconf 86' lang='lat' dir='ltr'>etiam</span> <span class='ocrx_word' id='word_1_88' title='bbox 922 1587 1072 1670; x_wconf 89' lang='lat' dir='ltr'>pietatis</span> <span class='ocrx_word' id='word_1_89' title='bbox 1096 1581 1220 1667; x_wconf 64' lang='lat' dir='ltr'>lauden</span> 
     </span>
     <span class='ocr_line' id='line_1_13' title="bbox 186 1681 1220 1770; baseline -0.006 -18"><span class='ocrx_word' id='word_1_90' title='bbox 186 1692 311 1753; x_wconf 88' lang='lat' dir='ltr'>debere</span> <span class='ocrx_word' id='word_1_91' title='bbox 335 1695 522 1770; x_wconf 67' lang='lat' dir='ltr'>quaerere</span> <span class='ocrx_word' id='word_1_92' title='bbox 552 1681 671 1766; x_wconf 83' lang='lat' dir='ltr'>Neque</span> <span class='ocrx_word' id='word_1_93' title='bbox 694 1706 774 1749; x_wconf 88' lang='lat' dir='ltr'>vero</span> <span class='ocrx_word' id='word_1_94' title='bbox 804 1691 962 1768; x_wconf 88' lang='lat' dir='ltr'>cuiquam</span> <span class='ocrx_word' id='word_1_95' title='bbox 992 1684 1163 1756; x_wconf 86' lang='lat' dir='ltr'>salutem,</span> <span class='ocrx_word' id='word_1_96' title='bbox 1192 1705 1220 1747; x_wconf 88' lang='lat' dir='ltr'>ac</span> 
     </span>
     <span class='ocr_line' id='line_1_14' title="bbox 185 1776 1221 1873; baseline -0.006 -17"><span class='ocrx_word' id='word_1_97' title='bbox 185 1791 344 1856; x_wconf 70' lang='lat' dir='ltr'>fontanas</span> <span class='ocrx_word' id='word_1_98' title='bbox 362 1787 432 1850; x_wconf 88' lang='lat' dir='ltr'>suas</span> <span class='ocrx_word' id='word_1_99' title='bbox 450 1793 563 1847; x_wconf 89' lang='lat' dir='ltr'>tantae</span> <span class='ocrx_word' id='word_1_100' title='bbox 580 1805 680 1848; x_wconf 86' lang='lat' dir='ltr'>curae</span> <span class='ocrx_word' id='word_1_101' title='bbox 701 1776 796 1851; x_wconf 82' lang='lat' dir='ltr'>fuisse</span> <span class='ocrx_word' id='word_1_102' title='bbox 810 1806 973 1869; x_wconf 87' lang='lat' dir='ltr'>umquam</span> <span class='ocrx_word' id='word_1_103' title='bbox 995 1796 1112 1873; x_wconf 88' lang='lat' dir='ltr'>puto,</span> <span class='ocrx_word' id='word_1_104' title='bbox 1136 1807 1221 1870; x_wconf 88' lang='lat' dir='ltr'>quan·</span> 
     </span>
     <span class='ocr_line' id='line_1_15' title="bbox 187 1883 1220 1972; baseline -0.008 -14"><span class='ocrx_word' id='word_1_105' title='bbox 187 1902 242 1957; x_wconf 83' lang='lat' dir='ltr'>tae</span> <span class='ocrx_word' id='word_1_106' title='bbox 265 1888 348 1955; x_wconf 90' lang='lat' dir='ltr'>mihi</span> <span class='ocrx_word' id='word_1_107' title='bbox 371 1885 408 1951; x_wconf 86' lang='lat' dir='ltr'>fit</span> <span class='ocrx_word' id='word_1_108' title='bbox 430 1883 542 1949; x_wconf 86' lang='lat' dir='ltr'>honos</span> <span class='ocrx_word' id='word_1_109' title='bbox 567 1891 657 1957; x_wconf 78' lang='lat' dir='ltr'>eine,</span> <span class='ocrx_word' id='word_1_110' title='bbox 677 1888 796 1970; x_wconf 90' lang='lat' dir='ltr'>inquo</span> <span class='ocrx_word' id='word_1_111' title='bbox 817 1893 928 1952; x_wconf 90' lang='lat' dir='ltr'>omnia</span> <span class='ocrx_word' id='word_1_112' title='bbox 945 1910 1028 1952; x_wconf 90' lang='lat' dir='ltr'>mea</span> <span class='ocrx_word' id='word_1_113' title='bbox 1045 1885 1156 1972; x_wconf 78' lang='lat' dir='ltr'>posita</span> <span class='ocrx_word' id='word_1_114' title='bbox 1171 1887 1220 1952; x_wconf 81' lang='lat' dir='ltr'>esse</span> 
     </span>
     <span class='ocr_line' id='line_1_16' title="bbox 190 1987 1220 2065; baseline -0.001 -10"><span class='ocrx_word' id='word_1_115' title='bbox 190 1993 337 2057; x_wconf 78' lang='lat' dir='ltr'>decrevi.</span> <span class='ocrx_word' id='word_1_116' title='bbox 380 1987 470 2052; x_wconf 87' lang='lat' dir='ltr'>Huic</span> <span class='ocrx_word' id='word_1_117' title='bbox 493 1997 527 2049; x_wconf 89' lang='lat' dir='ltr'>te</span> <span class='ocrx_word' id='word_1_118' title='bbox 548 2002 654 2049; x_wconf 88' lang='lat' dir='ltr'>unum</span> <span class='ocrx_word' id='word_1_119' title='bbox 675 2001 770 2053; x_wconf 90' lang='lat' dir='ltr'>tanto</span> <span class='ocrx_word' id='word_1_120' title='bbox 795 1996 993 2054; x_wconf 80' lang='lat' dir='ltr'>adiumento</span> <span class='ocrx_word' id='word_1_121' title='bbox 1015 1987 1109 2065; x_wconf 86' lang='lat' dir='ltr'>esse,</span> <span class='ocrx_word' id='word_1_122' title='bbox 1136 1987 1220 2054; x_wconf 72' lang='lat' dir='ltr'>tiva</span> 
     </span>
     <span class='ocr_line' id='line_1_17' title="bbox 188 2086 1220 2178; baseline 0.002 -25"><span class='ocrx_word' id='word_1_123' title='bbox 188 2093 313 2165; x_wconf 77' lang='lat' dir='ltr'>luetis,</span> <span class='ocrx_word' id='word_1_124' title='bbox 337 2087 428 2178; x_wconf 85' lang='lat' dir='ltr'>posse</span> <span class='ocrx_word' id='word_1_125' title='bbox 448 2086 621 2173; x_wconf 84' lang='lat' dir='ltr'>intelligo,</span> <span class='ocrx_word' id='word_1_126' title='bbox 642 2102 680 2153; x_wconf 93' lang='lat' dir='ltr'>ut</span> <span class='ocrx_word' id='word_1_127' title='bbox 702 2089 786 2155; x_wconf 89' lang='lat' dir='ltr'>nihil</span> <span class='ocrx_word' id='word_1_128' title='bbox 808 2088 845 2155; x_wconf 90' lang='lat' dir='ltr'>fit</span> <span class='ocrx_word' id='word_1_129' title='bbox 863 2102 1048 2178; x_wconf 88' lang='lat' dir='ltr'>praeterea</span> <span class='ocrx_word' id='word_1_130' title='bbox 1064 2094 1166 2157; x_wconf 89' lang='lat' dir='ltr'>nobis</span> <span class='ocrx_word' id='word_1_131' title='bbox 1181 2112 1220 2155; x_wconf 82' lang='lat' dir='ltr'>re</span> 
     </span>
     <span class='ocr_line' id='line_1_18' title="bbox 188 2186 1219 2276; baseline -0.002 -19"><span class='ocrx_word' id='word_1_132' title='bbox 188 2191 405 2276; x_wconf 55' lang='lat' dir='ltr'>quirendum,</span> <span class='ocrx_word' id='word_1_133' title='bbox 446 2186 624 2253; x_wconf 91' lang='lat' dir='ltr'>Habemus</span> <span class='ocrx_word' id='word_1_134' title='bbox 638 2188 721 2255; x_wconf 89' lang='lat' dir='ltr'>haec</span> <span class='ocrx_word' id='word_1_135' title='bbox 736 2197 867 2256; x_wconf 88' lang='lat' dir='ltr'>omnia:</span> <span class='ocrx_word' id='word_1_136' title='bbox 888 2191 1072 2255; x_wconf 89' lang='lat' dir='ltr'>bonorum</span> <span class='ocrx_word' id='word_1_137' title='bbox 1089 2193 1219 2259; x_wconf 85' lang='lat' dir='ltr'>studium</span> 
     </span>
     <span class='ocr_line' id='line_1_19' title="bbox 189 2290 1220 2384; baseline 0.002 -25"><span class='ocrx_word' id='word_1_138' title='bbox 189 2293 404 2359; x_wconf 80' lang='lat' dir='ltr'>conciliatum</span> <span class='ocrx_word' id='word_1_139' title='bbox 427 2310 469 2354; x_wconf 88' lang='lat' dir='ltr'>ex</span> <span class='ocrx_word' id='word_1_140' title='bbox 492 2291 684 2365; x_wconf 82' lang='lat' dir='ltr'>tribunatu,</span> <span class='ocrx_word' id='word_1_141' title='bbox 705 2305 847 2380; x_wconf 88' lang='lat' dir='ltr'>propter</span> <span class='ocrx_word' id='word_1_142' title='bbox 868 2290 1022 2356; x_wconf 88' lang='lat' dir='ltr'>nostram</span> <span class='ocrx_word' id='word_1_143' title='bbox 1050 2299 1118 2372; x_wconf 87' lang='lat' dir='ltr'>(ut</span> <span class='ocrx_word' id='word_1_144' title='bbox 1137 2295 1220 2384; x_wconf 86' lang='lat' dir='ltr'>spero</span> 
     </span>
     <span class='ocr_line' id='line_1_20' title="bbox 189 2391 1221 2487; baseline 0 -27"><span class='ocrx_word' id='word_1_145' title='bbox 189 2408 227 2480; x_wconf 83' lang='lat' dir='ltr'>te</span> <span class='ocrx_word' id='word_1_146' title='bbox 248 2393 461 2481; x_wconf 88' lang='lat' dir='ltr'>intelligere)</span> <span class='ocrx_word' id='word_1_147' title='bbox 497 2391 645 2475; x_wconf 90' lang='lat' dir='ltr'>causam;</span> <span class='ocrx_word' id='word_1_148' title='bbox 683 2391 791 2482; x_wconf 84' lang='lat' dir='ltr'>vulgi,</span> <span class='ocrx_word' id='word_1_149' title='bbox 814 2414 850 2456; x_wconf 91' lang='lat' dir='ltr'>ac</span> <span class='ocrx_word' id='word_1_150' title='bbox 873 2393 1135 2472; x_wconf 85' lang='lat' dir='ltr'>multitudinis,</span> <span class='ocrx_word' id='word_1_151' title='bbox 1157 2417 1221 2487; x_wconf 78' lang='lat' dir='ltr'>pro</span> 
     </span>
     <span class='ocr_line' id='line_1_21' title="bbox 187 2491 1221 2585; baseline -0.001 -24"><span class='ocrx_word' id='word_1_152' title='bbox 187 2510 270 2585; x_wconf 78' lang='lat' dir='ltr'>pter</span> <span class='ocrx_word' id='word_1_153' title='bbox 286 2491 568 2582; x_wconf 81' lang='lat' dir='ltr'>magnificentiam</span> <span class='ocrx_word' id='word_1_154' title='bbox 584 2514 780 2568; x_wconf 88' lang='lat' dir='ltr'>munerum,</span> <span class='ocrx_word' id='word_1_155' title='bbox 800 2492 1116 2582; x_wconf 81' lang='lat' dir='ltr'>liberalitatemque</span> <span class='ocrx_word' id='word_1_156' title='bbox 1141 2510 1221 2562; x_wconf 83' lang='lat' dir='ltr'>natu·</span> 
     </span>
     <span class='ocr_line' id='line_1_22' title="bbox 190 2593 1222 2686; baseline -0.002 -23"><span class='ocrx_word' id='word_1_157' title='bbox 190 2614 265 2680; x_wconf 83' lang='lat' dir='ltr'>rae3</span> <span class='ocrx_word' id='word_1_158' title='bbox 308 2600 512 2666; x_wconf 86' lang='lat' dir='ltr'>iuventutis,</span> <span class='ocrx_word' id='word_1_159' title='bbox 548 2607 581 2658; x_wconf 92' lang='lat' dir='ltr'>et</span> <span class='ocrx_word' id='word_1_160' title='bbox 605 2593 823 2681; x_wconf 84' lang='lat' dir='ltr'>gratiosorum</span> <span class='ocrx_word' id='word_1_161' title='bbox 847 2601 883 2659; x_wconf 92' lang='lat' dir='ltr'>in</span> <span class='ocrx_word' id='word_1_162' title='bbox 905 2596 1084 2686; x_wconf 84' lang='lat' dir='ltr'>suffragiis</span> <span class='ocrx_word' id='word_1_163' title='bbox 1111 2601 1222 2674; x_wconf 83' lang='lat' dir='ltr'>studia,</span> 
     </span>
     <span class='ocr_line' id='line_1_23' title="bbox 191 2695 1224 2790; baseline 0.002 -26"><span class='ocrx_word' id='word_1_164' title='bbox 191 2712 333 2790; x_wconf 86' lang='lat' dir='ltr'>propter</span> <span class='ocrx_word' id='word_1_165' title='bbox 353 2695 452 2785; x_wconf 80' lang='lat' dir='ltr'>ipsius</span> <span class='ocrx_word' id='word_1_166' title='bbox 477 2695 701 2760; x_wconf 80' lang='lat' dir='ltr'>excellentem</span> <span class='ocrx_word' id='word_1_167' title='bbox 724 2702 760 2760; x_wconf 91' lang='lat' dir='ltr'>iu</span> <span class='ocrx_word' id='word_1_168' title='bbox 776 2720 816 2763; x_wconf 90' lang='lat' dir='ltr'>eo</span> <span class='ocrx_word' id='word_1_169' title='bbox 831 2719 976 2784; x_wconf 85' lang='lat' dir='ltr'>genere,</span> <span class='ocrx_word' id='word_1_170' title='bbox 1001 2702 1058 2765; x_wconf 85' lang='lat' dir='ltr'>vel</span> <span class='ocrx_word' id='word_1_171' title='bbox 1075 2711 1224 2790; x_wconf 85' lang='lat' dir='ltr'>gratiam,</span> 
     </span>
     <span class='ocr_line' id='line_1_24' title="bbox 194 2797 1226 2891; baseline -0.001 -24"><span class='ocrx_word' id='word_1_172' title='bbox 194 2802 247 2868; x_wconf 85' lang='lat' dir='ltr'>vel</span> <span class='ocrx_word' id='word_1_173' title='bbox 269 2800 494 2888; x_wconf 81' lang='lat' dir='ltr'>diligentiam3</span> <span class='ocrx_word' id='word_1_174' title='bbox 517 2797 665 2862; x_wconf 82' lang='lat' dir='ltr'>nostram</span> <span class='ocrx_word' id='word_1_175' title='bbox 684 2797 974 2886; x_wconf 84' lang='lat' dir='ltr'>suffragationem,</span> <span class='ocrx_word' id='word_1_176' title='bbox 998 2800 1018 2864; x_wconf 86' lang='lat' dir='ltr'>fi</span> <span class='ocrx_word' id='word_1_177' title='bbox 1047 2811 1226 2891; x_wconf 86' lang='lat' dir='ltr'>minuspo-</span> 
     </span>
     <span class='ocr_line' id='line_1_25' title="bbox 191 2900 1227 2987; baseline 0.001 -22"><span class='ocrx_word' id='word_1_178' title='bbox 191 2914 342 2975; x_wconf 82' lang='lat' dir='ltr'>tentem,</span> <span class='ocrx_word' id='word_1_179' title='bbox 372 2914 405 2964; x_wconf 89' lang='lat' dir='ltr'>at</span> <span class='ocrx_word' id='word_1_180' title='bbox 426 2901 602 2987; x_wconf 87' lang='lat' dir='ltr'>probatam</span> <span class='ocrx_word' id='word_1_181' title='bbox 621 2911 754 2972; x_wconf 89' lang='lat' dir='ltr'>tamen,</span> <span class='ocrx_word' id='word_1_182' title='bbox 786 2911 819 2962; x_wconf 91' lang='lat' dir='ltr'>et</span> <span class='ocrx_word' id='word_1_183' title='bbox 842 2900 978 2976; x_wconf 89' lang='lat' dir='ltr'>iustam,</span> <span class='ocrx_word' id='word_1_184' title='bbox 1006 2917 1043 2966; x_wconf 89' lang='lat' dir='ltr'>et</span> <span class='ocrx_word' id='word_1_185' title='bbox 1067 2906 1227 2974; x_wconf 84' lang='lat' dir='ltr'>debitam,</span> 
     </span>
     <span class='ocr_line' id='line_1_26' title="bbox 196 2997 1229 3089; baseline 0.002 -24"><span class='ocrx_word' id='word_1_186' title='bbox 196 3014 230 3065; x_wconf 89' lang='lat' dir='ltr'>et</span> <span class='ocrx_word' id='word_1_187' title='bbox 245 3001 427 3089; x_wconf 87' lang='lat' dir='ltr'>propterea</span> <span class='ocrx_word' id='word_1_188' title='bbox 443 2997 578 3064; x_wconf 85' lang='lat' dir='ltr'>fortasse</span> <span class='ocrx_word' id='word_1_189' title='bbox 598 3005 699 3062; x_wconf 89' lang='lat' dir='ltr'>etiam</span> <span class='ocrx_word' id='word_1_190' title='bbox 716 3001 903 3087; x_wconf 83' lang='lat' dir='ltr'>gratiosam.</span> <span class='ocrx_word' id='word_1_191' title='bbox 947 3002 1035 3066; x_wconf 85' lang='lat' dir='ltr'>Dux</span> <span class='ocrx_word' id='word_1_192' title='bbox 1054 3009 1179 3078; x_wconf 75' lang='lat' dir='ltr'>nobie,</span> <span class='ocrx_word' id='word_1_193' title='bbox 1200 3017 1229 3068; x_wconf 89' lang='lat' dir='ltr'>et</span> 
     </span>
     <span class='ocr_line' id='line_1_27' title="bbox 195 3105 1229 3195; baseline 0.002 -29"><span class='ocrx_word' id='word_1_194' title='bbox 195 3115 316 3168; x_wconf 87' lang='lat' dir='ltr'>auctor</span> <span class='ocrx_word' id='word_1_195' title='bbox 339 3123 424 3189; x_wconf 85' lang='lat' dir='ltr'>opus</span> <span class='ocrx_word' id='word_1_196' title='bbox 448 3105 512 3174; x_wconf 87' lang='lat' dir='ltr'>est,</span> <span class='ocrx_word' id='word_1_197' title='bbox 537 3113 569 3163; x_wconf 88' lang='lat' dir='ltr'>et</span> <span class='ocrx_word' id='word_1_198' title='bbox 592 3122 710 3166; x_wconf 87' lang='lat' dir='ltr'>eorum</span> <span class='ocrx_word' id='word_1_199' title='bbox 730 3115 923 3175; x_wconf 88' lang='lat' dir='ltr'>ventorum,</span> <span class='ocrx_word' id='word_1_200' title='bbox 944 3125 1032 3186; x_wconf 90' lang='lat' dir='ltr'>quos</span> <span class='ocrx_word' id='word_1_201' title='bbox 1053 3107 1229 3195; x_wconf 84' lang='lat' dir='ltr'>proposui,</span> 
     </span>
     <span class='ocr_line' id='line_1_28' title="bbox 196 3201 1231 3293; baseline -0.001 -22"><span class='ocrx_word' id='word_1_202' title='bbox 196 3207 395 3271; x_wconf 83' lang='lat' dir='ltr'>moderator</span> <span class='ocrx_word' id='word_1_203' title='bbox 423 3202 574 3285; x_wconf 82' lang='lat' dir='ltr'>quidam,</span> <span class='ocrx_word' id='word_1_204' title='bbox 612 3215 645 3266; x_wconf 88' lang='lat' dir='ltr'>et</span> <span class='ocrx_word' id='word_1_205' title='bbox 672 3201 756 3286; x_wconf 77' lang='lat' dir='ltr'>qnasi</span> <span class='ocrx_word' id='word_1_206' title='bbox 787 3205 1012 3290; x_wconf 80' lang='lat' dir='ltr'>gubernator3</span> <span class='ocrx_word' id='word_1_207' title='bbox 1061 3216 1121 3293; x_wconf 89' lang='lat' dir='ltr'>qui</span> <span class='ocrx_word' id='word_1_208' title='bbox 1153 3209 1231 3272; x_wconf 77' lang='lat' dir='ltr'>ster</span> 
     </span>
     <span class='ocr_line' id='line_1_29' title="bbox 199 3302 1232 3389; baseline 0.002 -19"><span class='ocrx_word' id='word_1_209' title='bbox 199 3309 357 3372; x_wconf 83' lang='lat' dir='ltr'>omnibus</span> <span class='ocrx_word' id='word_1_210' title='bbox 378 3323 467 3369; x_wconf 88' lang='lat' dir='ltr'>unus</span> <span class='ocrx_word' id='word_1_211' title='bbox 493 3304 661 3389; x_wconf 88' lang='lat' dir='ltr'>optandus</span> <span class='ocrx_word' id='word_1_212' title='bbox 686 3302 780 3375; x_wconf 86' lang='lat' dir='ltr'>esset,</span> <span class='ocrx_word' id='word_1_213' title='bbox 804 3326 903 3386; x_wconf 89' lang='lat' dir='ltr'>quem</span> <span class='ocrx_word' id='word_1_214' title='bbox 928 3310 1045 3371; x_wconf 87' lang='lat' dir='ltr'>tecum</span> <span class='ocrx_word' id='word_1_215' title='bbox 1076 3312 1232 3377; x_wconf 86' lang='lat' dir='ltr'>conserre</span> 
     </span>
     <span class='ocr_line' id='line_1_30' title="bbox 195 3401 1233 3495; baseline 0.002 -24"><span class='ocrx_word' id='word_1_216' title='bbox 195 3407 385 3495; x_wconf 74' lang='lat' dir='ltr'>possemus,</span> <span class='ocrx_word' id='word_1_217' title='bbox 404 3426 472 3467; x_wconf 93' lang='lat' dir='ltr'>non</span> <span class='ocrx_word' id='word_1_218' title='bbox 486 3401 701 3469; x_wconf 86' lang='lat' dir='ltr'>haberemus.</span> <span class='ocrx_word' id='word_1_219' title='bbox 742 3402 851 3492; x_wconf 79' lang='lat' dir='ltr'>Quam</span> <span class='ocrx_word' id='word_1_220' title='bbox 870 3407 1028 3482; x_wconf 90' lang='lat' dir='ltr'>obrem,</span> <span class='ocrx_word' id='word_1_221' title='bbox 1056 3408 1081 3473; x_wconf 87' lang='lat' dir='ltr'>fi</span> <span class='ocrx_word' id='word_1_222' title='bbox 1100 3433 1233 3476; x_wconf 86' lang='lat' dir='ltr'>meme·</span> 
     </span>
     <span class='ocr_line' id='line_1_31' title="bbox 197 3503 1233 3600; baseline -0.004 -29"><span class='ocrx_word' id='word_1_223' title='bbox 197 3503 392 3580; x_wconf 80' lang='lat' dir='ltr'>tnb&#39;rem,s1</span> <span class='ocrx_word' id='word_1_224' title='bbox 414 3518 567 3593; x_wconf 72' lang='lat' dir='ltr'>gratum,</span> <span class='ocrx_word' id='word_1_225' title='bbox 591 3503 755 3569; x_wconf 79' lang='lat' dir='ltr'>sibonum</span> <span class='ocrx_word' id='word_1_226' title='bbox 772 3510 901 3580; x_wconf 87' lang='lat' dir='ltr'>virum,</span> <span class='ocrx_word' id='word_1_227' title='bbox 918 3507 1032 3573; x_wconf 77' lang='lat' dir='ltr'>vele&#39;x</span> <span class='ocrx_word' id='word_1_228' title='bbox 1056 3508 1127 3576; x_wconf 78' lang='lat' dir='ltr'>hoc</span> <span class='ocrx_word' id='word_1_229' title='bbox 1151 3513 1233 3600; x_wconf 72' lang='lat' dir='ltr'>ipso,</span> 
     </span>
    </p>
   </div>
   <div class='ocr_carea' id='block_1_4' title="bbox 575 3688 832 3703">
    <p class='ocr_par' dir='ltr' id='par_1_5' title="bbox 575 3688 832 3703">
     <span class='ocr_line' id='line_1_32' title="bbox 575 3688 832 3703; baseline -0.016 -1"><span class='ocrx_word' id='word_1_230' title='bbox 575 3694 607 3703; x_wconf 89' lang='grc'>.-.</span> <span class='ocrx_word' id='word_1_231' title='bbox 620 3692 700 3701; x_wconf 78' lang='grc'>.,.,..,.</span> <span class='ocrx_word' id='word_1_232' title='bbox 808 3688 832 3700; x_wconf 82' lang='grc'>...</span> 
     </span>
    </p>
   </div>
   <div class='ocr_carea' id='block_1_5' title="bbox 194 3823 1237 4173">
    <p class='ocr_par' dir='ltr' id='par_1_6' title="bbox 206 3823 1237 3925">
     <span class='ocr_line' id='line_1_33' title="bbox 206 3823 1237 3925; baseline 0.009 -34"><span class='ocrx_word' id='word_1_233' title='bbox 206 3853 210 3862; x_wconf 86' lang='grc'><strong><em>·</em></strong></span> <span class='ocrx_word' id='word_1_234' title='bbox 240 3832 377 3918; x_wconf 69' lang='lat' dir='ltr'>ezarita]</span> <span class='ocrx_word' id='word_1_235' title='bbox 428 3833 501 3895; x_wconf 83' lang='lat' dir='ltr'>Hoc</span> <span class='ocrx_word' id='word_1_236' title='bbox 537 3830 683 3907; x_wconf 82' lang='lat' dir='ltr'>verbum,</span> <span class='ocrx_word' id='word_1_237' title='bbox 739 3829 790 3892; x_wconf 79' lang='lat' dir='ltr'>Sic</span> <span class='ocrx_word' id='word_1_238' title='bbox 811 3823 961 3896; x_wconf 71' lang='lat' dir='ltr'>Graevius</span> <span class='ocrx_word' id='word_1_239' title='bbox 1001 3856 1021 3896; x_wconf 86' lang='lat' dir='ltr'>e</span> <span class='ocrx_word' id='word_1_240' title='bbox 1051 3841 1117 3907; x_wconf 79' lang='lat' dir='ltr'>Ma.</span> <span class='ocrx_word' id='word_1_241' title='bbox 1154 3839 1237 3925; x_wconf 85' lang='lat' dir='ltr'>quod</span> 
     </span>
    </p>

    <p class='ocr_par' dir='ltr' id='par_1_7' title="bbox 196 3917 1236 4007">
     <span class='ocr_line' id='line_1_34' title="bbox 196 3917 1236 4007; baseline 0.007 -30"><span class='ocrx_word' id='word_1_242' title='bbox 196 3920 286 4001; x_wconf 82' lang='lat' dir='ltr'>&#39;quod</span> <span class='ocrx_word' id='word_1_243' title='bbox 317 3920 410 4003; x_wconf 88' lang='lat' dir='ltr'>vulgo</span> <span class='ocrx_word' id='word_1_244' title='bbox 441 3917 527 3979; x_wconf 83' lang='lat' dir='ltr'>abest</span> <span class='ocrx_word' id='word_1_245' title='bbox 556 3930 685 3979; x_wconf 66' lang='lat' dir='ltr'>auctore</span> <span class='ocrx_word' id='word_1_246' title='bbox 738 3924 917 3978; x_wconf 75' lang='lat' dir='ltr'>concinnius</span> <span class='ocrx_word' id='word_1_247' title='bbox 929 3923 1169 4007; x_wconf 86' lang='lat' dir='ltr'>videturquam</span> <span class='ocrx_word' id='word_1_248' title='bbox 1183 3926 1236 3986; x_wconf 86' lang='lat' dir='ltr'>vul·</span> 
     </span>
    </p>

    <p class='ocr_par' dir='ltr' id='par_1_8' title="bbox 194 4002 1235 4173">
     <span class='ocr_line' id='line_1_35' title="bbox 194 4002 1235 4094; baseline 0.004 -29"><span class='ocrx_word' id='word_1_249' title='bbox 194 4007 487 4089; x_wconf 81' lang='lat' dir='ltr'>Mertyni·Laguna</span> <span class='ocrx_word' id='word_1_250' title='bbox 518 4002 643 4086; x_wconf 32' lang='lat' dir='ltr'>rellitui&#39;.</span> <span class='ocrx_word' id='word_1_251' title='bbox 738 4019 848 4081; x_wconf 79' lang='lat' dir='ltr'>garum</span> <span class='ocrx_word' id='word_1_252' title='bbox 883 4012 1133 4094; x_wconf 75' lang='lat' dir='ltr'>curnulaadoquc</span> <span class='ocrx_word' id='word_1_253' title='bbox 1178 4017 1235 4071; x_wconf 77' lang='lat' dir='ltr'>issu</span> 
     </span>
     <span class='ocr_line' id='line_1_36' title="bbox 238 4086 843 4173; baseline 0 -27"><span class='ocrx_word' id='word_1_254' title='bbox 238 4092 387 4148; x_wconf 69' lang='lat' dir='ltr'>muntiare</span> <span class='ocrx_word' id='word_1_255' title='bbox 401 4101 492 4173; x_wconf 74' lang='lat' dir='ltr'>atqua</span> <span class='ocrx_word' id='word_1_256' title='bbox 511 4086 682 4172; x_wconf 56' lang='lat' dir='ltr'>illustrares</span> <span class='ocrx_word' id='word_1_257' title='bbox 730 4092 843 4173; x_wconf 49' lang='lat' dir='ltr'>[mre.</span> 
     </span>
    </p>
   </div>
   <div class='ocr_carea' id='block_1_6' title="bbox 0 0 1309 4792">
    <p class='ocr_par' dir='ltr' id='par_1_9' title="bbox 0 0 1309 4792">
     <span class='ocr_line' id='line_1_37' title="bbox 0 0 1309 4792; baseline 0 0"><span class='ocrx_word' id='word_1_258' title='bbox 0 0 1309 4792; x_wconf 95' lang='lat' dir='ltr'> </span> 
     </span>
    </p>
   </div>
  </div>
 </body>
</html>
