2506 4808
252 285 537 358 emsTouA
579 288 735 358 xxm.
947 314 1013 381 ,σε

87 474 186 542 iulum
206 476 473 565 contempserat:
495 474 552 542 hic
568 477 682 543 noster
695 476 787 546 Paris
797 491 880 544 'tam
893 479 1010 550 Mene·

107 601 203 662 quam
220 578 519 667 Agamemnonem
536 577 683 644 liberum
704 602 775 644 non
789 586 931 668 putavit.

87 677 114 742 st
138 691 248 743 autem
265 680 305 746 C.
325 681 519 745 Herennius
543 680 680 765 quidam
702 684 861 748 tribunus
879 682 1037 771 plebis‚6

88 792 127 842 tu
145 780 281 846 fortasse
296 804 339 845 ne
354 780 441 850 nosti
464 781 617 866 quidem;
639 778 768 846 tametsi
782 795 882 870 potes
898 782 1007 869 nolie3

89 901 105 944 s
122 886 213 944 enim
229 896 307 948 tuus
324 882 388 965 est3
412 879 602 956 etSextus,
622 894 720 969 pater
737 887 827 958 eius,
840 904 1002 951 nummos

87 981 242 1046 dividere
269 983 402 1048 solebat.
446 983 481 1048 Is
502 983 543 1046 ad
560 980 695 1068 plebem
708 979 746 1046 Ρ.
762 981 923 1048 Clodium
941 995 1005 1050 tra·

104 1081 269 1171 idemque
291 1085 375 1160 fert,
395 1095 434 1150 ut
454 1079 630 1151 universus
653 1080 804 1177 populus
827 1086 865 1153 in
880 1090 1002 1172 campo

87 1410 179 1486 tester
200 1401 314 1501 Paris]
356 1408 459 1471 Mem·
558 1408 588 1469 6.
610 1407 764 1499 traducit]
804 1406 1002 1493 utadoptlo·

87 1495 199 1555 dnlter.
501 1508 556 1554 'ne
569 1490 710 1573 plebeius
725 1491 787 1556 fiat.
815 1495 908 1568 Nam,
926 1498 1002 1578 qnia

87 1602 116 1637 m
168 1571 457 1658 Agamemnonem]
514 1576 687 1639 tribunatu·
715 1577 758 1659 pl.
785 1582 918 1658 patricio
942 1578 1001 1641 ho·

87 1682 129 1725 lua
149 1660 282 1746 putabat
291 1660 347 1720 Cu.
364 1662 458 1720 Pom·
513 1667 588 1729 mini
602 1682 668 1724 non
684 1661 827 1736 dabatur,
841 1664 916 1726 ideo
925 1664 1000 1726 cto·

92 1751 139 1811 Μ.
158 1745 298 1829 intelligi.
329 1746 392 1805 Sed
408 1766 457 1805 re·
514 1748 600 1822 dius,
627 1750 701 1830 quia
722 1751 873 1828 patriciae
900 1753 999 1833 gemit

87 1835 222 1894 leontius
245 1832 284 1891 de
300 1829 396 1892 fratre
409 1831 456 1891 M.
515 1847 603 1903 erat,
639 1833 680 1892 ad
714 1831 840 1912 plebem
869 1836 1001 1895 transire

103 1920 202 1978 Lucio
218 1919 347 1995 accepit,
363 1934 456 1998 quem
513 1916 693 1997 adoptionis
710 1922 777 1976 iure
793 1916 949 2001 cupiebat,
963 1933 1000 1981 ut

88 2002 124 2064 lo
159 1999 374 2063 Mithridatico
408 2019 457 2060 re·
514 2001 627 2062 deinde
641 2000 783 2062 tribunos
797 2004 895 2062 iactus
911 2002 1000 2064 Cice·

87 2108 118 2149 m
132 2087 302 2151 Memmius
326 2083 394 2145 trib.
411 2083 455 2168 pl.
511 2091 584 2147 roni
600 2087 681 2147 diem
694 2087 734 2147 ad
750 2089 904 2167 populum
916 2088 998 2149 diced

87 2171 238 2255 populum
253 2169 335 2232 dicta
350 2173 456 2228 trium·
511 2186 577 2241 ret,
612 2171 701 2253 quod
728 2175 807 2232 civer
833 2172 996 2236 Romanos

87 2258 264 2339 aliquandiu
283 2252 455 2338 prohibuit,
514 2270 623 2319 contra
635 2255 720 2343 leges
737 2254 905 2318 oceidiffee
946 2259 998 2321 De

92 2342 178 2422 epod
200 2336 398 2405 Plutarchum
424 2343 456 2399 iu
513 2341 624 2401 eadem
659 2362 695 2404 re
727 2342 808 2403 inire
850 2363 901 2425 ep·
933 2341 995 2426 seq.

87 2447 103 2489 o
127 2441 161 2487 et
175 2428 298 2486 Catone
311 2422 455 2484 Uticensi.
512 2422 633 2485 Manat.

88 2531 122 2572 ω
142 2515 175 2571 in
193 2509 278 2570 clave
295 2510 457 2591 Agamem·
555 2513 693 2592 idemque
702 2509 772 2580 fert
795 2521 828 2569 ut
848 2511 997 2587 uniuersus

108 2592 171 2656 elle
192 2596 396 2672 Pompeium,
423 2598 455 2653 in
511 2595 658 2679 populus]
707 2598 789 2655 Hinc
819 2611 908 2676 petet
935 2595 998 2656 He·

87 2680 116 2740 td
139 2677 170 2739 h.
191 2679 212 2738 l.
235 2681 377 2738 Marcum
396 2679 455 2737 Lu·
511 2685 653 2740 aeonium
688 2676 816 2739 tentasse
849 2679 997 2741 Clodium

99 2761 171 2837 elle,
194 2761 454 2845 utrumquafallo
513 2765 554 2824 ad
580 2764 705 2846 plebem
737 2765 900 2824 traducere
930 2783 998 2827 non

86 2895 93 2912 .
511 2865 641 2929 recepto
658 2868 766 2920 more,
786 2852 917 2908 comitiis
936 2848 997 2912 icil.

87 2954 132 2992 um
147 2931 360 3013 nonputam't]
400 2931 453 2990 Ni·
513 2936 665 3006 Curiatiis,
682 2933 793 3016 quibua
807 2934 996 3014 adoptiones

87 3024 125 3092 it,
148 3017 239 3076 liberi
256 3015 390 3077 hominis
407 3014 454 3074 lo·
510 3017 627 3080 fiebant
641 3022 672 3079 in
685 3019 819 3079 alienam
835 3019 994 3097 familiam,

89 3123 111 3164 n
143 3099 260 3162 habuit.
306 3102 349 3160 Ut
376 3100 454 3158 illud
510 3103 563 3163 led
580 3103 710 3176 tributis,
733 3124 814 3184 quae
827 3101 891 3182 ipse
905 3125 998 3167 voca·

88 3188 113 3248 Ι.
143 3208 169 3247 c.
235 3190 268 3245 in
300 3188 453 3245 Verrem:
510 3183 667 3268 repellet.
709 3189 792 3248 Nam
814 3189 996 3253 adcomirit

87 3275 110 3330 ia
147 3292 209 3353 qua
245 3268 346 3339 fuerit
387 3273 453 3350 quis
512 3278 629 3334 curiata
641 3293 708 3333 non
724 3272 876 3334 universae
891 3297 995 3356 popu·

87 3357 117 3413 ¹?
162 3359 406 3433 quemadmodum
429 3357 453 3410 is
509 3357 557 3417 lua
574 3356 794 3429 conveniebat,
815 3374 851 3418 ut
872 3360 911 3419 ad
926 3381 996 3422 cen·

87 3463 164 3501 mum
208 3462 345 3518 quemque
389 3461 454 3497 con·
510 3446 622 3502 turiata
637 3442 815 3518 ettributa,
835 3442 888 3503 sed
903 3446 996 3506 urba·

87 3532 135 3603 dr,
167 3526 352 3600 despexerit,
385 3528 452 3582 libe·
509 3547 567 3589 nus
600 3528 756 3589 duntaxat.
815 3528 996 3592 Centuriata

87 3615 117 3688 Te
144 3631 291 3686 nunquam
320 3614 452 3668 duxerit.
511 3610 761 3675 autemhebere
788 3612 903 3674 tribuni
928 3635 995 3678 non

87 3696 221 3758 utillud
249 3699 372 3754 liberum
396 3718 453 3753 nou
508 3712 667 3776 poterant.
718 3697 796 3759 lnde
815 3696 927 3772 fiebat,
960 3714 996 3761 ut

126 3786 348 3860 interpretetur
389 3780 452 3841 fic:
509 3782 684 3843 Herennius
712 3781 852 3843 tribunus
882 3781 993 3862 plebir,

87 3869 180 3924 teias
204 3867 319 3940 pariter
342 3868 451 3941 constu-
508 3885 576 3927 non
621 3866 686 3928 aliis
725 3887 820 3948 quam
872 3865 994 3930 triburin

133 3951 253 4011 Vellem
280 3949 451 4028 addidillet,
511 3951 552 4010 de
567 3949 682 4013 Clodio
698 3953 814 4012 referre
833 3955 995 4033 cogitaret.

87 4032 142 4097 hoc
162 4034 317 4100 rescierit?
440 4048 444 4058 ·
510 4036 557 4096 Ea
584 4035 935 4135 autem4saepenumer0
962 4041 996 4101 itt
1127 4074 1130 4083 ·
