2506 4808
173 339 237 406 ‘150
437 320 723 391 EPISTOLA
771 320 944 390 CXXV.

147 535 167 603 3
284 511 377 587 Sed,
413 522 452 576 ut
478 510 519 575 ad
549 532 603 584 ea,
642 530 726 593 quae
748 508 988 577 coniunctiora
1008 512 1129 577 rebu's
1158 516 1214 577 tuit

173 617 269 688 sunt,
290 624 460 681 revertar:
479 611 675 699 Pompeium
698 612 760 675 tibi
783 610 881 677 valde
902 615 1065 675 enricum
1084 610 1153 677 elle
1172 634 1217 677 ce

175 723 288 807 gnevi.
316 718 364 780 Eo
383 726 420 778 tu
434 712 587 786 consule,
611 724 773 795 quantum
792 732 857 799 ego
869 709 1074 799 perspicio,
1094 718 1218 789 omnia,

174 841 259 911 quae
275 817 386 888 voles,
409 814 597 895 obtineliis3
621 812 743 898 quibus
764 816 799 875 in
816 816 918 875 relius
936 833 998 875 me
1020 811 1087 878 sibi
1106 812 1164 879 ille
1176 814 1216 879 es·

174 916 281 984 fixum
302 916 462 997 liabebit3
487 936 594 999 neque
617 934 635 977 a
656 935 711 977 me
731 912 796 978 ulla
813 934 891 985 res,
915 934 1006 997 quae
1022 915 1073 978 ad
1095 928 1134 979 te
1151 936 1217 1003 per·

175 1026 299 1091 tiueat,
331 1016 533 1105 negligetur.
579 1014 698 1099 Neque
721 1019 810 1078 enim
836 1015 1002 1088 verebor,
1041 1037 1092 1079 ne
1116 1014 1216 1080 simei

177 1117 354 1199 molestum
377 1123 430 1181 cui
446 1117 632 1183 iucundum
646 1120 710 1179 erit
726 1121 824 1179 etiam
840 1114 876 1178 id
897 1113 1028 1201 ipsum,
1053 1118 1152 1201 quod
1168 1138 1216 1181 me

178 1222 242 1286 esse
267 1232 399 1306 gratum
424 1218 564 1283 videbit.
629 1215 688 1283 Tu
711 1216 812 1282 velim
831 1217 895 1280 tibi
915 1221 964 1280 ita
989 1216 1215 1303 persuadeas,

74 1360 87 1385 .
175 1321 303 1389 nullam
320 1341 391 1383 rem
410 1318 475 1383 esse
491 1326 681 1393 minimam,
703 1339 787 1403 quae
808 1316 850 1383 ad
865 1330 899 1382 te
912 1324 1115 1405 pertineat,
1137 1340 1214 1404 quaa

175 1420 259 1487 mihi
279 1442 349 1485 non
376 1426 485 1485 carior
507 1419 563 1493 stt,
602 1442 701 1504 quem
724 1440 818 1485 meae
839 1440 896 1483 res
916 1440 1057 1484 omnes.
1113 1420 1214 1504 quue

167 1527 277 1607 'quum
312 1518 467 1594 sentiam,
528 1518 701 1587 sedulitate
729 1519 883 1585 mihimet
923 1518 982 1606 ipsi
1015 1518 1214 1589 satisfacere

173 1620 322 1712 pessumi
344 1644 381 1686 re
397 1621 532 1705 quidem
547 1621 614 1710 ipsa
628 1621 706 1687 ideo
721 1622 803 1689 milii
818 1642 887 1687 non
904 1618 1101 1697 satisfacio,
1126 1624 1214 1709 quod

87 1782 90 1789 .
172 1722 297 1788 trullum
321 1735 452 1810 partem
472 1735 610 1787 tuorum
626 1728 823 1790 meritorum
840 1748 909 1789 uon
932 1725 1040 1787 morlo
1060 1728 1212 1792 referen-

173 1825 233 1901 da,
256 1824 310 1889 sed
333 1847 375 1888 ue
395 1825 574 1911 cogitanda
589 1825 724 1907 quidem
742 1831 845 1913 gratia
862 1824 1024 1907 consequi
1041 1827 1192 1915 possum.

141 1948 165 2021 4
279 1925 363 1992 Rem
391 1940 424 1988 te
452 1924 547 1990 valde
570 1928 653 1991 bene
674 1927 797 2015 gestisse
819 1948 936 1991 rumor
954 1939 1043 1991 erat.
1094 1928 1218 2016 Exspe·'

174 2032 352 2095 etabautur
374 2025 491 2090 literae
523 2038 614 2109 tuae3
652 2028 693 2091 de
718 2031 838 2112 quibus
869 2049 1003 2093 eramus
1032 2036 1107 2095 iam
1138 2054 1214 2096 cum

169 2128 332 2216 Pompeio
355 2128 479 2208 lucuti3
517 2146 599 2209 quae
623 2126 642 2190 si
667 2143 766 2194 erunt
789 2129 925 2204 allatae,
965 2129 1129 2197 nostrum
1153 2133 1213 2201 stu·

171 2230 265 2299 dium
286 2228 426 2295 exstabit
450 2233 484 2295 in
508 2231 749 2296 conveniendis
771 2229 1040 2318 umgistratibuS,
1066 2248 1105 2302 et
1129 2234 1213 2300 sena·

169 2333 315 2397 toribus.
360 2330 498 2400 Cetera,
521 2350 604 2411 quae
622 2331 662 2393 ad
680 2344 714 2394 te
729 2318 1095 2418 pertinebunt,'quum
1114 2341 1212 2401 etiam

167 2422 246 2524 ¹plus
269 2430 567 2503 eottteritleriiuu8‚
598 2452 696 2515 quam
724 2429 915 2521 possumus,
949 2439 1067 2501 iuittus
1097 2448 1212 2505 tamen

167 2533 351 2606 faciemuS,
373 2551 470 2616 quam
491 2529 666 2595 debemus.

552 2707 815 2724 -Ι-α--ιι-υ

209 2816 238 2881 3.
260 2836 292 2871 eo
315 2810 452 2897 confuta]
471 2830 537 2872 nou
559 2831 654 2892 quum
711 2812 883 2872 videbatur.
924 2811 1012 2873 idem
1032 2827 1149 2882 tamea
1168 2820 1213 2881 le·

165 2901 225 2960 erit
245 2897 366 2968 consul,
387 2896 439 2957 sed
458 2897 565 2978 quoad
587 2902 655 2956 erit.
711 2902 845 2956 ctionem
879 2898 933 2969 iuti
961 2919 1057 2979 quam
1093 2903 1213 2967 habeut

164 2983 236 3044 Hoc
256 2988 337 3044 enim
361 3003 443 3044 anno
462 2982 654 3043 consulatum
711 2982 832 3062 aliquot
862 2978 930 3042 Mil.
967 2999 1001 3042 ut
1031 2985 1146 3050 Guelf.
1180 3006 1213 3052 at

164 3070 294 3214 ”rebat
334 3089 404 3130 cum
446 3070 490 3129 ut
537 3062 654 3130 Crasso.
711 3067 783 3127 edd.
817 3087 865 3145 pr.
899 3068 1055 3146 quaedam
1096 3078 1212 3137 iniuria

206 3166 287 3213 aaut.
711 3152 855 3224 damuat3
893 3153 1028 3210 mihimet
1055 3157 1136 3232 ipsi,
1175 3174 1211 3219 nt

160 3268 164 3275 ·
206 3241 266 3298 erit
285 3241 376 3300 etiam
398 3240 430 3297 id
457 3232 570 3317 ipsum]
605 3235 654 3293 Sic

164 3321 260 3384 edidit
273 3323 566 3408 Martyni-Laguna.
578 3318 653 3377 Vul-

162 3428 206 3491 go
218 3412 277 3467 erit
284 3413 373 3469 etiam
381 3419 505 3486 propter
512 3408 544 3462 id
551 3406 652 3480 ipsum.

163 3493 314 3555 Graevius
345 3495 407 3578 legi
435 3491 561 3554 volebat
595 3490 653 3546 erit

162 3583 253 3638 etlam
267 3593 391 3658 prepter
399 3580 433 3653 se
449 3579 551 3652 ipsum.

201 3669 257 3744 esse
284 3662 460 3746 minimum]
513 3654 650 3719 Ernestio

159 3749 305 3832 placebat
329 3753 387 3826 esse
408 3753 454 3807 vel
481 3746 650 3814 minimum,

155 3827 651 3917 eitiportmmaxtmamaddatur.

152 3932 158 3949 “
203 3917 423 4000 mihimetipsi]
446 3915 550 3994 Vulgo
567 3914 650 3969 miii-

160 4016 221 4063 met
248 4007 314 4081 ipse.
359 4007 394 4064 ln
422 4020 486 4081 quo
513 3995 650 4058 Ernestio

159 4092 220 4168 ipse
246 4110 313 4154 nou
337 4086 400 4150 sine
419 4082 508 4147 cause
537 4084 652 4167 frigere

710 3235 800 3315 supra
823 3255 872 3316 ep.
895 3258 945 3314 92.
971 3238 1108 3305 involvit
1131 3242 1209 3305 lioc:

710 3318 828 3380 etiamsi
857 3327 963 3380 euteria
991 3342 1058 3382 non
1091 3325 1210 3389 satissa-

710 3411 805 3478 ciam,
829 3403 903 3464 mihi
923 3403 979 3486 ipfi
999 3426 1110 3471 tamen
1126 3411 1210 3474 satia·

709 3494 812 3562 secio,
833 3491 922 3571 quod
944 3490 984 3551 ed
1004 3490 1210 3559 sedulitatem

710 3582 827 3637 attinet.

751 3674 781 3737 4.
810 3678 875 3716 cum
906 3654 1049 3736 Pompeio
1088 3666 1207 3751 loeutt']

709 3759 744 3802 ut
772 3744 869 3804 allatis
897 3749 956 3807 mis
984 3745 1104 3817 literis,
1139 3772 1209 3813 rem

709 3826 790 3890 bene
812 3825 925 3911 gellam
946 3827 1207 3912 significantibus,

709 3915 824 3974 reserat
846 3913 886 3972 ad
907 3913 1045 3975 senatum
1068 3918 1111 3979 de
1137 3919 1209 4002 sup·

708 3998 927 4079 plicationibua
957 3999 1013 4061 tibi
1032 4003 1207 4069 decernen-

711 4084 768 4146 dis.
812 4083 932 4146 Manat.
1043 4130 1046 4135 -
1157 4166 1163 4177 ·
