2506 4808
170 322 232 397 iu
416 304 703 377 rrrsroun
753 304 949 375 cxxvi.

169 502 367 569 renationer
384 498 484 562 binae
505 516 568 583 per
590 494 663 559 dies
686 499 845 578 utrinque,
865 492 1093 581 magnificae,
1117 516 1209 560 uerno

169 614 282 689 negat.
326 600 396 664 Sed
413 620 497 683 quae
515 596 621 684 potest
643 596 770 661 bomini
791 592 858 660 esse
874 599 986 683 polito
1011 596 1211 670 delectatio,

172 724 275 787 quum
285 712 341 765 aut
360 700 462 765 liomo
477 700 667 765 imbecillus
678 694 918 761 avalentilsrma
932 698 1042 763 bestia
1058 696 1212 772 laniatur,

171 818 231 871 aut
253 802 424 893 praeclara
450 804 550 867 bestia
575 798 741 865 venabulo
763 796 1101 865 transverberatur?
1136 820 1211 885 quae

172 920 306 977 umen,
330 904 350 968 si
371 906 516 970 ridentia
540 904 632 973 sunt,
654 898 748 988 laepe
765 899 890 965 vidisti:
915 921 1141 983 aequemus,
1163 907 1212 986 qai

172 1004 257 1075 baec
286 1006 531 1094 spectavimwr,
560 1003 740 1088 quidquam
765 1008 845 1067 nori
877 1003 1041 1068 vidimus.
1101 1004 1213 1069 Extre-

171 1132 250 1176 mur
272 1106 530 1193 elephantorum
555 1106 627 1170 dies
653 1105 734 1171 fuit:
757 1110 792 1168 in
808 1125 875 1187 quo
886 1106 1075 1171 admiratio
1098 1124 1212 1194 magua

172 1210 264 1297 vulgi
292 1222 393 1291 atque
419 1212 557 1281 turbae,
594 1208 776 1272 delectatio
797 1206 889 1271 nulla
912 1206 1059 1271 exstitit.
1128 1206 1212 1299 Quin

174 1316 275 1377 etiam
298 1308 526 1373 misericordia
553 1308 714 1394 quaedam
739 1306 917 1372 consecuta
934 1307 1004 1382 est,
1024 1320 1137 1395 atque
1156 1314 1213 1398 opi

172 1418 233 1481 ulo
254 1408 438 1480 eiusmodi,
477 1408 541 1474 else
563 1408 730 1495 quandam
757 1407 804 1473 illi
828 1408 960 1474 belluae
983 1430 1073 1474 cum
1095 1430 1213 1500 genere

177 1513 328 1581 humano
347 1509 552 1575 societatem.

146 1640 167 1684 a
281 1612 345 1682 llis
368 1633 433 1699 ego
454 1626 568 1679 tamen
591 1612 732 1687 diebus,
752 1608 842 1677 ludis
868 1607 1033 1686 scenicis,
1061 1634 1111 1678 ne
1134 1612 1213 1679 sorte

559 1787 828 1803 m

75 1866 80 1879 “
177 1891 211 1939 et
245 1871 410 1953 sumptum.
469 1869 554 1931 Oleo
587 1872 669 1929 enim
726 1872 852 1950 optimia
874 1865 967 1929 codd.
990 1868 1153 1942 Victorii,
1171 1869 1216 1931 Ur·

178 1960 377 2043 ungebantur
398 1954 581 2017 athletarum
601 1974 670 2014 cor·
726 1953 950 2025 sirii,Greei·li,
972 1951 1016 2013 eb
1029 1950 1152 2037 blaque
1163 1974 1217 2017 ne

177 2067 270 2129 pore.
314 2044 351 2105 ld
373 2047 477 2123 primo
499 2043 616 2099 dictum
636 2044 669 2101 iu
725 2045 788 2101 rito
803 2038 965 2116 probetur.

177 2150 241 2192 uae
259 2151 312 2202 re,
334 2128 375 2186 da
398 2126 518 2187 etlrletie
541 2123 669 2191 scilicet,
767 2125 970 2199 misericordia
1041 2120 1217 2205 quum]

179 2220 235 2298 qui
254 2214 365 2275 lebore
388 2228 420 2270 et
446 2211 567 2288 sumptu
585 2230 670 2268 exer·
725 2213 870 2289 quaedam
891 2209 966 2269 dixit
994 2214 1074 2289 quie
1097 2216 1218 2293 proprie

179 2305 283 2369 elteri,
302 2319 376 2359 mox
391 2298 546 2357 interdum
560 2302 669 2371 perum
725 2294 905 2355 miseremur
929 2290 1030 2353 uol'tri
1064 2294 1218 2365 similium,

178 2386 414 2470 preberentur3
476 2380 590 2438 deiude
629 2381 670 2438 ed
726 2382 972 2441 uoubrmorum.
1019 2380 1219 2463 Ceusembu·

178 2477 284 2533 omuie
299 2468 404 2528 similia
419 2467 599 2525 translatum
617 2462 669 2534 est,
726 2470 772 2525 iur
792 2461 1023 2523 misericordiae
1039 2466 1165 2529 Plinius
1180 2486 1221 2527 ea·

178 2556 338 2636 inquibus
361 2568 393 2611 et
406 2571 526 2630 operae
541 2568 572 2609 et
594 2548 671 2608 suut·
728 2555 817 2630 pouit
831 2548 874 2607 bie
889 2546 989 2607 verbu
1000 2548 1221 2629 lib.Vllt.ep

179 2658 252 2726 ptur
285 2646 434 2697 iacturam
469 2637 579 2694 lectam
610 2630 673 2694 elle
728 2636 840 2709 empse
859 2632 958 2710 fugae
977 2634 1037 2707 spe
1060 2640 1220 2712 misericor·

179 2722 341 2787 conflaret.
383 2726 434 2781 Sic
456 2721 554 2779 Pluut.
573 2721 671 2781 Poeu.
729 2722 902 2797 diamuulgi
920 2720 1222 2783 inenarrabililialitr

180 2812 265 2880 Le,
296 2826 364 2887 ¹¹9·
406 2801 526 2863 Manut.
730 2816 878 2882 querentes
903 2806 1139 2882 supplicavere,
1160 2830 1222 2890 qne·

222 2888 407 2974 uenationes]
430 2897 460 2950 iu
478 2888 590 2970 quibua
605 2887 671 2949 leo·
730 2895 801 2949 dam
816 2893 880 2966 sese
904 2893 1129 2951 lamentatione
1154 2914 1222 2951 eor»

179 2998 237 3041 nee
266 2983 454 3061 quingentos
490 2976 670 3034 interlector
727 2982 898 3051 plorantes,
920 2984 1005 3031 tanto
1019 2981 1134 3051 populi
1148 2982 1222 3037 dole·

181 3060 244 3124 elle
280 3081 391 3122 auctor
425 3059 604 3122 Plutarcbue
640 3073 672 3119 et
729 3083 779 3131 re,
801 3071 833 3116 ut
848 3064 952 3117 oblitus
971 3064 1175 3134 imperatoris
1196 3083 1225 3121 ee

177 3150 247 3213 Dio
267 3149 320 3207 lib.
335 3146 484 3206 xxxlx.
530 3140 649 3202 Manna.
729 3143 945 3214 munificentiae
968 3147 1082 3206 honori
1097 3152 1158 3224 [ιω
1179 3168 1225 3209 η·

222 3236 308 3293 binae
340 3254 395 3306 per
426 3234 489 3290 dies
519 3228 671 3309 atriaque]
730 3233 870 3309 quisitoe,
886 3229 966 3300 fleas
989 3234 1149 3307 universus
1163 3254 1227 3293 aaa·

182 3318 294 3389 binae,
336 3322 409 3396 quie
440 3336 532 3375 mene
562 3315 673 3381 datae,
724 3320 879 3393 surgeret,
913 3314 1060 3395 dirasque
1084 3314 1225 3396 Pompeio

174 3401 257 3486 ‘poll
291 3405 452 3461 meridiem
490 3399 674 3460 ius'teuretee
732 3423 803 3480 picas
824 3405 875 3459 ille
890 3419 964 3457 mox
979 3403 1057 3473 luit,
1083 3405 1226 3480 impreca-

183 3487 262 3553 suut.
314 3484 433 3547 Marrut.
731 3499 825 3549 retur.
868 3486 984 3544 Eadem
1008 3486 1079 3546 sere
1095 3490 1163 3551 Dio
1177 3490 1227 3553 ll

227 3574 339 3631 lamini
373 3567 493 3651 polito]
529 3570 675 3630 Menaria
731 3568 913 3633 Plutarchus
935 3567 1016 3629 bene
1038 3591 1112 3633 rem
1134 3575 1228 3636 breui·

184 3657 676 3740 plecubetlcctiopolitico,quem
732 3672 782 3716 ter
813 3661 922 3737 attigit.
959 3649 1086 3718 Manat.
1132 3659 1228 3739 Quod

185 3764 288 3822 nuper
317 3739 446 3800 nliituii
475 3741 677 3810 Benedictus,
734 3742 849 3801 Plinius
882 3741 923 3798 de
944 3740 1094 3803 universo
1129 3766 1229 3826 popu·

186 3830 305 3889 collato
332 3830 403 3884 loco
427 3822 511 3900 epist.
543 3826 585 3883 ed
608 3825 677 3882 Dia.
734 3826 768 3886 lo
787 3841 911 3897 narret,
938 3825 1003 3885 Dio
1030 3829 1229 3904 probabilior

170 3913 234 3983 ιῙΙ,
256 3916 286 3974 8.
311 3914 368 3969 iuir
401 3915 454 3988 qui
480 3927 584 3970 tameo
602 3909 680 3971 nihil
736 3907 1113 3989 abaliquotbomiuibue
1131 3917 1230 4002 eple-

188 3995 284 4057 hebet
299 3992 370 4053 huic
384 3992 491 4055 uollro
506 3996 546 4054 ed
560 3992 680 4056 senten·
736 3995 777 4057 be
790 4000 904 4055 sectum
920 3991 980 4056 elle
994 4000 1106 4065 rel'ert.

61 4088 71 4099 '
129 4154 134 4159 ¹
177 4085 265 4145 'ium
294 4078 400 4141 imile.
442 4076 543 4141 Polite
577 4076 622 4141 cll
647 4085 681 4142 iu
781 4104 810 4144 2.
834 4083 913 4139 ludis
933 4079 1084 4164 scenicis]
1126 4085 1230 4149 Ludat
