2506 4808
357 316 639 387 EPISTOLA
666 317 894 386 LXXXIII.
1079 339 1145 409 339

115 515 164 575 vis
187 507 243 571 illa
264 500 399 592 opinio,
419 517 457 568 ut
478 508 614 589 quidem
633 504 675 569 ad
696 525 758 568 nos
779 505 1031 590 perferebatur,
1056 505 1143 573 sena·

114 624 186 674 tum
205 606 288 670 nihil
305 607 488 669 decernere
504 620 598 680 ante,
621 628 720 689 quam
735 604 777 666 dc
797 606 895 668 nobis
918 618 1028 671 actum
1044 607 1142 685 esset,
1204 668 1207 672 Α

114 709 226 774 amissa
274 707 316 791 st3
355 702 606 793 praesertimin
634 728 672 771 eu
694 704 805 777 causa,
843 728 925 788 (luae
948 730 1017 771 non
1038 710 1141 775 modo

112 809 294 875 necessaria
317 830 386 872 non
408 808 490 882 fuit,
512 806 567 872 scil
590 813 689 871 etium
714 804 866 870 inusitata
881 830 918 870 ac
938 832 1034 875 nova.
1077 809 1142 875 Ne·

112 934 178 994 que
194 916 284 976 enirn
303 932 462 992 umquam
479 914 625 975 arbitror
645 921 781 973 ornatas
802 906 862 970 esso
882 918 1070 996 provincias
1086 913 1143 975 de·-

112 1011 336 1100 ignatorum:
359 1026 414 1086 ut,
435 1035 538 1095 quum
563 1017 597 1076 in
614 1010 743 1074 hocilla
756 1008 948 1084 constantia,
970 1034 1053 1095 (luae
1070 1027 1142 1078 erat

112 1135 189 1176 mea
206 1111 299 1174 causa
316 1111 479 1200 suscepta,
499 1119 672 1178 imminuta
694 1109 749 1184 fit,
770 1110 855 1175 nihil
877 1117 942 1175 iani
960 1112 1058 1200 possit
1072 1138 1143 1180 non

114 1214 263 1276 decerni.
304 1214 370 1288 Iis,
399 1216 441 1278 {nl
464 1237 547 1298 quos
570 1213 713 1278 relatum
738 1212 801 1287 est,
828 1219 944 1278 etnicis
967 1213 1142 1301 placuisse,

113 1338 184 1378 non
200 1320 336 1377 mirum.
380 1316 461 1378 Erat
484 1320 573 1378 enini
590 1311 728 1378 difficile
751 1321 924 1402 reperire,
944 1322 1000 1400 qui
1021 1330 1141 1381 contra
1167 1370 1169 1375 Α

114 1427 206 1478 tantu
228 1417 406 1479 commoda
433 1418 578 1482 duorum
610 1415 780 1480 consulum
807 1417 916 1504 polani
943 1417 1141 1484 sententiam

114 1517 255 1580 (liceret.
300 1517 375 1580 Fuit
397 1525 536 1582 omnino
562 1513 699 1581 difficile
722 1540 790 1580 non
813 1517 968 1602 obsequi,
989 1519 1042 1584 vel
1063 1525 1141 1583 anii-

115 1617 242 1682 cissnno
258 1616 406 1693 homini,
425 1617 589 1692 Lentulo,
612 1616 666 1682 vel
683 1618 842 1691 Metello,
865 1625 921 1703 qui
943 1619 1142 1685 srnrultatem

113 1717 342 1782 humanissnuc
364 1720 562 1808 deponeret.
608 1716 679 1782 Sed
703 1741 839 1792 uereor,
869 1742 912 1783 ue
938 1718 1002 1786 hos
1027 1735 1142 1790 tamen

114 1833 231 1883 tencre
246 1827 474 1906 potuerimus3
496 1823 651 1885 tribunos
669 1820 776 1906 plebis
792 1818 1011 1885 amiserimus.
1047 1823 1141 1887 Haec

115 1944 170 1984 res
189 1921 472 2004 quemadmodum
490 1922 668 1991 ceciderit,
690 1932 724 1981 et
745 1931 816 1982 tota
832 1941 888 1982 res
907 1942 973 2002 quo
995 1922 1070 1986 loco
1085 1921 1143 1997 fit,

113 2023 215 2089 velim
238 2023 281 2085 ad
304 2046 358 2086 nie
383 2023 527 2087 scribas:
551 2035 584 2084 et
608 2026 672 2091 ita,
693 2032 732 2082 ut
753 2018 929 2085 instituisti.
972 2021 1059 2085 Nam
1084 2011 1144 2086 ista

115 2131 261 2195 veritas,
294 2130 394 2189 etiam
416 2123 437 2186 fi
458 2122 605 2189 iucunda
627 2143 696 2183 non
718 2119 782 2194 est,
810 2119 894 2184 mihi
915 2133 1029 2184 tamen
1050 2135 1144 2214 grata

115 2225 172 2288 est.
217 2226 296 2287 Dat·
323 2245 389 2286 1111
415 2225 461 2289 id.
479 2224 664 2306 Decerubr.

173 2418 455 2491 eeterota
481 2414 702 2484 uxrxin.
755 2412 870 2497 (att.
897 2374 972 2481 ur.
1002 2413 1083 2498 ιε.)

221 2585 285 2643 Ser.
302 2577 489 2666 Dyrrhachii
501 2573 604 2637 mense
618 2572 785 2636 Decembr.
807 2576 844 2634 A.
858 2575 897 2635 U.
916 2575 951 2636 C.
966 2575 1038 2653 695.

116 2732 209 2792 Anici
228 2735 379 2815 dircessum
401 2736 435 2788 ab
452 2735 520 2789 arbe
539 2731 583 2807 sic
597 2730 831 2804 interpretatur,
849 2727 908 2802 sibi
929 2730 959 2784 in
974 2727 1145 2786 calamitate

159 2837 356 2914 tabescendum
378 2835 444 2910 esse.

343 2997 547 3074 CICERO
587 2989 833 3066 ATTICO,
877 2990 914 3057 S.

198 3133 275 3203 Post
296 3147 392 3197 tuum
414 3154 432 3197 a
453 3153 506 3194 me
522 3127 694 3194 discessuro
710 3128 830 3196 literae
850 3127 935 3193 mihi
949 3126 1058 3216 Roma
1072 3125 1147 3192 alla·

160 3419 279 3467 ornatas
295 3410 350 3481 esse
370 3407 539 3481 provincias
555 3409 605 3463 de·
704 3405 777 3461 nihil
787 3403 846 3461 iam
854 3400 943 3476 possit
951 3418 1007 3456 non
1017 3393 1150 3478 decerni]

109 3493 320 3576 signatorum]
353 3493 437 3574 Lege
458 3493 606 3568 Sempro·
662 3508 778 3567 nempe
806 3482 974 3565 autequam
1009 3482 1050 3542 de
1078 3498 1150 3538 mea

117 3587 167 3639 nia
192 3584 371 3659 provinciae
395 3578 606 3635 (secerneban-
664 3572 752 3633 censa
777 3573 939 3632 reseratur.
982 3565 1094 3626 Cicero
1118 3583 1151 3623 e·
1227 3594 1231 3599 ·

116 3662 411 3747 turnregil'tratibus,
429 3676 500 3721 ante
512 3679 606 3738 quarn
662 3663 726 3716 nim
743 3656 922 3725 verebatur,
941 3671 982 3710 ne
997 3666 1065 3711 tota
1080 3666 1152 3707 cau·

119 3754 214 3808 creati
242 3747 345 3808 essent.
398 3746 461 3804 Sed
488 3745 528 3802 tle
555 3764 606 3803 or·
663 3741 1154 3819 sudeseiupaniamrevocan·

117 3834 228 3894 nandis
256 3836 421 3911 provinciis
447 3834 479 3887 in
501 3827 608 3886 senatu
666 3832 709 3886 do
738 3824 960 3905 procrastinata
1001 3825 1154 3882 invetera-

118 3917 313 3976 reserebatur
341 3916 484 3983 deinum,
525 3909 608 3991 post·
656 3911 771 3974 sceret.

121 4023 214 4081 quam
239 3999 378 4060 consules
400 4015 429 4057 et
447 4012 609 4076 praetores

120 4091 182 4147 iam
205 4083 327 4146 inissent
346 4082 583 4167 magistratum..

973 4151 1048 4218 Y‘z
1103 4179 1104 4182 ¹
