2506 4808
146 361 208 437 att
373 338 660 411 rns‘rotn
714 338 947 409 cxtvm.

150 534 311 604 Bibulum
335 526 510 603 consulet,
533 551 637 612 quum
659 527 846 593 sententiae
867 527 1006 594 nostrae
1032 550 1205 623 magnum

151 647 187 705 in
208 637 324 702 senatu
345 632 481 721 pondus
504 628 690 703 baberent,
713 652 818 694 unum
842 629 915 693 sere
940 629 1079 695 sensum
1104 633 1205 698 fuisse

151 746 323 806 bonorum
338 739 501 796 omnium.
544 729 780 814 Posteaquam
798 746 835 796 tu
849 730 1048 819 Hispaniam
1067 740 1206 799 citerio

151 863 226 907 rem
241 859 319 901 cum
341 840 485 924 imperio
501 836 697 907 obtineres,
721 856 829 918 neque
848 855 904 898 res
922 835 1068 922 publica
1085 837 1174 900 cons
1194 873 1206 882 -

152 943 201 1009 les
223 939 384 1011 haberet,
407 937 461 1001 sed
486 947 697 999 mercatores
714 941 985 1023 provinciarum,
1008 948 1045 1000 et
1066 937 1207 1002 seditio-

151 1065 234 1108 num
257 1039 391 1108 servos,
425 1058 462 1100 ac
488 1036 678 1100 ministros:
717 1041 797 1100 iecit
818 1037 953 1120 quidam
975 1036 1077 1104 casus
1100 1054 1206 1127 caput

151 1164 285 1214 meum,
307 1136 393 1220 quasi
417 1142 614 1201 certaminis
639 1136 750 1211 eausa,
778 1144 813 1203 in
831 1140 977 1203 mediam
1002 1147 1204 1204 contentio-

151 1265 251 1315 nem,
294 1235 593 1320 dissensionemque
620 1239 762 1305 civilem.
826 1239 904 1329 Quo
931 1245 969 1304 in
991 1239 1203 1305 discrimine

150 1364 255 1428 quum
285 1336 449 1402 mirificus
478 1339 631 1413 senatuS‚
672 1340 884 1406 incredibilis
913 1339 1035 1406 ltaliae
1069 1347 1202 1412 totius,

151 1440 324 1531 singularis
346 1444 499 1504 omnium
525 1443 698 1507 bonorum
719 1442 895 1508 consensus
923 1447 960 1506 in
981 1465 1041 1507 me
1065 1443 1202 1508 tuendo

187 1831 331 1915 pondus]
378 1831 512 1895 Caesare
553 1836 638 1894 enim
693 1835 865 1908 pecuniam,
900 1842 1049 1908 qttantam
1073 1838 1196 1907 vellent,

147 1916 275 1980 consule
318 1924 477 1978 contemni
522 1934 638 1999 coepta
695 1941 730 1976 ea
747 1923 832 1995 lege,
846 1920 876 1993 si
891 1919 948 1992 ipsi
967 1921 1060 1991 prius
1078 1923 1193 1985 trr'buao

43 2034 49 2040 ·
147 2000 191 2064 est
212 2023 249 2062 ac
266 2000 340 2063 levis
356 2001 417 2065 esse
441 2003 560 2064 senatui
583 2026 637 2064 au·
692 2003 940 2080 plebisafflictam
956 2013 989 2061 et
998 2005 1193 2080 constrictam

37 2140 40 2147 .
146 2092 290 2173 eteritis,
315 2103 362 2159 et,
394 2109 488 2168 quam
512 2111 529 2149 a
553 2088 637 2149 sena·
694 2109 758 2146 rem
795 2091 941 2156 rrublicam
985 2092 1190 2166 tradidissent.

146 2189 180 2253 tu
201 2191 267 2231 non
292 2174 498 2252 impetrabat,
533 2194 549 2233 a
575 2194 634 2253 po·
695 2169 732 2230 sd
747 2171 965 2243 autemfoedus
981 2197 1054 2232 meo
1066 2177 1187 2253 sangui·

142 2254 355 2338 puloVntinia
371 2258 442 2340 lege
456 2263 633 2318 citeriorem
690 2281 727 2319 ne
749 2262 840 2316 ictum
866 2259 1091 2336 sanciripoffe
1112 2264 1186 2318 dace-

145 2340 279 2402 Gailiam
297 2347 425 2422 accepit.
470 2340 591 2399 Manat.
688 2347 768 2405 iant.
810 2342 898 2404 Idem
919 2346 1082 2424 dmprov.
1105 2343 1184 2406 cons.

182 2426 306 2510 postea]
339 2428 450 2489 Pisone
483 2444 515 2489 ct
537 2427 632 2488 Gabi·
689 2426 1009 2505 claiuPisonemc.
1027 2450 1084 2492 ει.
1112 2427 1183 2488 Ma·

142 2515 197 2572 nio
218 2509 292 2570 coss.
689 2523 752 2576 nat.

184 2592 359 2671 Hispaniam
382 2592 573 2676 citeriorem]
596 2608 630 2655 ut
730 2597 800 2655 iecit
819 2597 943 2676 quidam
971 2597 1080 2684 casus]
1114 2599 1179 2659 Ese-

139 2681 222 2739 duae
238 2681 377 2750 Galliae,
401 2677 443 2738 stc
463 2680 545 2738 duae
562 2681 630 2738 Hir·
686 2703 761 2765 gans
779 2680 885 2739 astutio
904 2681 943 2738 ad
963 2704 1101 2760 pomum
1118 2686 1179 2743 Eri·

139 2771 253 2846 pertiae
276 2768 381 2836 i'uere,
415 2763 560 2835 uberior,
597 2779 628 2823 et
687 2769 764 2837 dos,
794 2771 969 2826 coniectum
991 2771 1080 2828 inter
1094 2771 1177 2830 deut.

137 2854 272 2909 citerior.
294 2849 480 2907 Citeriorem
491 2871 526 2907 ex
538 2868 628 2926 prae·
687 2847 815 2926 Ernesti.

136 2946 222 3005 ture,
243 2953 338 3013 qumn
355 2935 484 2993 Afranio
509 2956 541 2991 et
558 2935 626 2991 Me·
719 2933 855 3017 senatus]
874 2934 1083 3017 promulgata
1098 2941 1176 2998 enim

135 3018 212 3079 tello
233 3015 308 3077 coss.
330 3014 461 3099 gesserat
477 3019 625 3078 Lentulus
683 3022 788 3081 Csodii
804 3020 874 3103 sege
889 3020 1034 3080 adversus
1045 3044 1115 3096 eor,
1126 3026 1177 3104 qui

135 3104 285 3176 obtinuit3
309 3103 443 3162 Caesare
461 3120 492 3162 et
511 3103 623 3162 Bibulo
682 3110 762 3165 cives
774 3106 935 3164 Romanos
951 3106 1072 3167 indicta
1090 3106 1176 3168 causa

135 3184 207 3248 coss.
235 3187 272 3245 ld
288 3184 401 3245 Caesar
429 3187 493 3267 ipse
523 3188 575 3248 sib.
602 3188 621 3248 Ι.
682 3185 945 3259 condemnassent,
965 3191 1177 3270 (quibnevem

133 3273 175 3331 da
196 3270 280 3331 bello
301 3271 380 3330 civili
404 3292 430 3334 c.
451 3295 500 3333 22.
532 3269 622 3333 teste·
680 3274 745 3343 bis,
771 3276 931 3334 Ciceroni·
952 3281 1089 3336 nomine
1111 3277 1176 3358 sirp-

133 3372 194 3417 tur.
246 3351 365 3416 Manat.
678 3356 799 3439 presso,
830 3362 983 3438 pernicies
1008 3376 1121 3422 tamen
1147 3366 1175 3422 ei

173 3438 381 3523 mercatores]
426 3443 480 3518 qui
517 3460 620 3498 meam
676 3443 883 3523 percharum)
917 3441 1063 3521 senatur,
1085 3448 1175 3529 qnod

127 3524 258 3586 satutem
274 3529 408 3605 acceptia
427 3529 520 3602 pretii
544 3525 618 3584 soco
675 3528 847 3588 insomnio
875 3527 990 3588 dosora
1011 3529 1084 3592 fieri
1108 3532 1175 3593 soii·

127 3616 311 3690 provinciis,
348 3609 475 3668 tribuno
516 3609 618 3686 plebis
675 3629 741 3672 tum
769 3611 828 3682 est,
857 3609 997 3672 vestitum
1021 3622 1173 3691 murem,

127 3696 244 3757 Ciodio
268 3694 536 3755 vendiderinaor.
555 3713 616 3771 pro
674 3697 879 3778 consulesque
906 3695 975 3758 Piso
1006 3717 1041 3761 et
1077 3703 1175 3764 Gabi·

124 3783 230 3840 Sextio
249 3801 276 3840 c.
295 3800 340 3839 ιο.
351 3775 464 3847 foedas
473 3773 616 3843 secernat
670 3787 740 3843 niue
769 3802 842 3843 vere
870 3781 1064 3846 seditionum
1094 3787 1174 3849 servi

124 3864 216 3941 (Piso
232 3880 265 3923 et
276 3861 447 3936 Gabinius)
471 3880 535 3917 cum
558 3866 614 3920 tri·
670 3888 708 3926 ac
730 3865 872 3937 ministri,
894 3865 1037 3929 senatum
1061 3873 1104 3933 nd
1123 3894 1176 3935 vo·

121 3951 196 4007 buno
215 3951 309 4024 plebis
329 3949 448 4021 palam,
471 3959 503 4003 ut
525 3951 560 4004 ab
576 3970 611 4006 eo
668 3949 772 4012 stitutn
787 3953 891 4015 redire
906 3948 1073 4021 iuss'erunt.
1098 3956 1173 4020 Mu-

118 4037 289 4108 proaincias
312 4035 496 4106 acciperent,
534 4052 611 4112 quat
666 4047 730 4095 aut.

119 4121 175 4194 ipfi
208 4122 340 4189 vellent5
385 4120 550 4176 exercitam
579 4128 610 4177 et
