2506 4808
169 319 232 398 248

404 308 686 379 nutsTOLA
732 308 974 384 exuvuh

151 533 155 544 ·
172 500 351 565 manubiae
365 519 478 580 meae,
500 497 556 562 sed
573 503 687 584 operis
705 495 829 561 locatio
844 481 922 562 rues
934 498 1071 570 fluerat,
1092 534 1136 548 -—
1154 522 1221 563 mo·

171 613 377 668 numentum
397 621 478 667 vero
498 598 653 674 senatus,
682 596 794 662 hostili
816 603 975 673 nomine,
999 613 1036 664 et
1064 609 1221 666 cruentis

175 895 256 943 sons
277 875 421 951 consule,
444 874 516 960 post
539 862 666 957 oppr'es-

175 954 239 1021 sam
279 962 432 1024 Catilinae
476 966 666 1023 coniuratio*

156 1039 269 1114 mem,
297 1063 332 1106 ut
354 1046 552 1108 conservatae
575 1045 668 1106 liber·

128 1188 132 1197 ,
177 1135 233 1190 teti
263 1128 368 1192 honor
395 1133 580 1203 haberetur,
618 1152 666 1190 ex·

177 1212 335 1297 staretque
367 1217 524 1294 publicum
557 1236 668 1277 monu-

176 1317 316 1369 mentum
341 1306 468 1362 civitatis
489 1303 528 1360 eb
556 1304 670 1381 impio·

177 1403 248 1445 sum
277 1386 417 1446 menibus
445 1403 581 1467 ereptae.
634 1386 670 1446 lu

178 1465 242 1528 hoc
256 1474 337 1530 atrio
360 1488 502 1532 cruentes
521 1471 587 1530 illes
603 1470 671 1531 lite·

178 1571 248 1622 ras,
291 1553 394 1616 deletu
433 1561 541 1638 priore
569 1553 669 1616 inscri-

178 1641 290 1718 ptione
308 1637 427 1702 senatus
435 1684 446 1715 ,
469 1642 601 1702 Clodius
618 1646 670 1701 tri·

180 1721 282 1782 bunut
304 1725 404 1805 plebis
425 1729 550 1799 incidit,
581 1731 670 1807 quin·

204 1810 671 1891 nenniopostCiceronemcon·

216 1894 289 1966 lem,
312 1916 390 1979 quss
405 1896 507 1957 literas
523 1894 671 1966 mansisse,

179 1976 303 2039 senatos
331 1987 462 2042 maxims
484 1987 672 2068 ignominia,

181 2080 252 2125 eum
269 2062 386 2127 summo
402 2069 562 2129 Ciceronis
578 2066 672 2127 dede·

182 2152 257 2208 core
274 2155 455 2224 coniuncta,
481 2157 622 2234 queritur
640 2156 673 2211 in

180 2229 240 2292 ltnc
262 2235 392 2314 epistole
417 2239 538 2302 Cicero.
568 2275 593 2284 α
621 2235 673 2296 ΑΙ·

181 2331 283 2378 terum
295 2327 531 2383 monumentum
543 2321 586 2383 est
600 2342 672 2401 por-

182 2405 259 2463 ticus
282 2425 298 2463 s
321 2407 361 2486 Q
382 2409 496 2467 Catulo
521 2410 557 2472 C.
582 2410 673 2467 Marii

183 2488 314 2549 consulis
331 2492 451 2573 collega
472 2493 511 2552 de
522 2492 673 2553 manubiis

183 2573 343 2634 Cimbricis
374 2577 539 2650 exstructo,
579 2599 674 2658 quum

183 2664 340 2738 porticum
365 2662 477 2721 eodem
501 2683 583 2723 enno
601 2663 674 2722 Clo·

184 2743 268 2812 dius,
291 2765 355 2825 quo
375 2748 557 2807 Ciceronem
580 2768 674 2826 expu-

183 2827 238 2896 ltr,
263 2836 389 2902 evertit,
412 2832 598 2912 sublstoque
616 2834 676 2890 Cn·

183 2912 242 2973 tuli
266 2920 412 2989 nomine,
453 2917 536 2976 suum
559 2917 674 2976 incidit.

184 2997 303 3058 Evertit
316 3017 419 3060 eutem
435 3023 500 3062 non
516 3019 550 3062 ut
570 3023 675 3061 aream

183 3085 313 3155 faceret,
336 3083 386 3145 sed
402 3103 436 3146 ut
452 3109 486 3145 ex
496 3109 531 3146 ee
549 3102 579 3149 et
591 3107 674 3146 ever·

183 3166 236 3228 sse
257 3170 416 3231 Ciceronis
446 3174 557 3232 domus
585 3187 676 3251 parte

183 3270 300 3313 novem
322 3261 476 3333 porticum
494 3254 675 3327 exstrueret,

185 3334 271 3396 sicuti
300 3338 449 3403 exstruxit.
493 3343 564 3405 Viri.
595 3357 675 3401 oret.

185 3444 247 3503 pro
265 3423 363 3487 domo
389 3449 413 3487 c.
430 3428 480 3501 38.
502 3429 546 3507 tp
562 3431 611 3504 43.
636 3428 676 3485 de

184 3506 279 3568 literis
296 3527 399 3571 sutem
415 3513 675 3573 huicmonumeu·

185 3608 221 3655 to
250 3594 396 3675 inscriptis
432 3621 455 3658 c.
475 3608 523 3671 53.
557 3599 675 3657 Locum

186 3695 289 3739 eutem
305 3681 394 3742 huius
409 3676 612 3762 inscriptionis
626 3702 675 3740 ve·

178 3764 308 3825 ''rifimile
333 3766 375 3826 est
401 3765 505 3838 fuisse,
534 3786 599 3825 non
620 3765 675 3826 ubi

186 3867 259 3911 ente
275 3854 376 3912 fuerat
391 3853 547 3930 inscriptio
563 3852 675 3922 Catuli,

186 3956 269 4017 quse
286 3939 387 3999 fueret
408 3942 439 3998 in
455 3938 555 3996 medie
573 3953 676 3994 vetere

185 4028 328 4103 porticu3
354 4020 450 4083 sedin
469 4024 569 4082 medin
587 4037 677 4100 perte

186 4110 282 4167 totius
321 4127 425 4169 novae
458 4112 609 4190 porticus.
636 4145 677 4156 -

722 874 897 956 ilioqueeri
911 870 1018 952 potest
1033 872 1224 939 manserims

723 957 863 1019 restituto
888 960 1044 1020 Cicerone
1072 958 1157 1020 baec
1183 965 1224 1021 iu·

722 1043 859 1124 scriptio,
874 1039 959 1102 sicuti
975 1042 1129 1104 mansuile
1145 1045 1224 1106 illurn

723 1133 756 1189 in
769 1143 974 1188 monumento
990 1127 1124 1191 senetur
1143 1133 1225 1191 Cice·

724 1235 762 1276 ro
776 1215 815 1273 ed
824 1213 986 1272 Lentulum
1001 1213 1145 1276 scribens
1155 1239 1225 1297 que-

725 1295 852 1361 stuseli.
896 1299 969 1358 Non
986 1297 1224 1361 ntanfisseidetn

727 1385 840 1446 Cicero
856 1381 907 1442 lib.
917 1384 970 1443 lv.
987 1385 1031 1443 ed
1047 1391 1120 1446 Art.
1140 1407 1188 1465 ep.
1199 1409 1223 1444 2.

728 1465 811 1547 (itui.
836 1467 885 1526 ed.
908 1486 959 1548 ep.
974 1471 1048 1546 88.)
1078 1467 1225 1554 significet

727 1551 774 1614 his
794 1551 910 1614 verbis:
957 1548 1110 1629 Consules
1137 1560 1225 1632 porti·

728 1661 793 1696 cnm
819 1634 918 1695 Catuli
942 1639 1171 1712 restituendam
1190 1646 1225 1700 lo·

727 1734 831 1782 car-unt
840 1743 852 1791 ;
873 1726 957 1779 illam
970 1728 1227 1805 portr'cnm(cto·

728 1812 786 1885 dii)
807 1812 1012 1881 redemptores
1030 1813 1149 1886 statim
1165 1816 1226 1889 sunt

728 1897 871 1952 dernult'lr'.
915 1895 948 1952 Si
980 1901 1154 1974 porticum
1182 1901 1228 1957 de-

728 1980 829 2040 moliti
842 1978 908 2038 sunt
915 1979 1163 2062 redemptores,
1171 2003 1227 2044 nou

728 2061 865 2124 mansisse
901 2063 1009 2123 Clodii
1054 2065 1228 2148 inscriptio·

728 2170 799 2211 nem
820 2149 887 2210 setis
903 2145 1037 2208 conllet.
1089 2155 1227 2214 Tertium

729 2249 966 2295 monumentum
989 2232 1055 2306 eti,
1090 2241 1228 2317 quodie

729 2335 820 2401 parte
836 2320 997 2378 Ciceronis
1024 2323 1162 2382 eedium
1187 2326 1228 2384 so·

729 2427 797 2466 rum
821 2403 996 2484 spectante,
1039 2410 1059 2465 i,
1091 2429 1121 2467 e.
1147 2415 1228 2468 ines

732 2511 814 2570 quae
833 2495 996 2549 coniuncte
1016 2487 1060 2550 est
1085 2515 1159 2552 cum
1178 2495 1228 2554 Cr-

731 2574 786 2636 tuli
819 2579 942 2655 porticu
970 2573 1139 2638 Liberteti
1162 2581 1228 2639 Clo·

732 2662 799 2722 dius
819 2661 989 2728 dedicavit,
1013 2661 1113 2722 illuto
1135 2666 1227 2724 Tene·

732 2766 846 2827 greeae
867 2741 1032 2804 cuiusd'em
1058 2754 1225 2808 meretricis

731 2829 911 2900 fimutacro,
935 2831 1027 2910 quod
1050 2853 1120 2910 pro
1145 2835 1226 2893 liber·

728 2931 796 2975 tete
811 2917 975 2976 coleretur.
1024 2916 1105 2978 Hoc
1125 2940 1226 2980 mouu·

732 2997 1226 3086 mentumsrgnistceturornt.pro

733 3087 831 3145 domo
849 3107 873 3147 c.
891 3088 939 3161 37.
957 3098 1083 3163 41·43·
1101 3103 1156 3168 44.
1179 3095 1226 3149 At·

734 3191 797 3251 que
812 3174 842 3229 in
857 3168 920 3228 hoc
935 3173 1032 3228 etiem
1052 3179 1155 3234 tertio
1170 3194 1228 3233 mo·

732 3270 883 3316 numento
917 3252 1107 3332 inscriptum
1150 3256 1228 3319 soille

733 3361 849 3399 nornen
874 3337 978 3397 Clodii
1018 3338 1104 3402 haec
1144 3345 1229 3404 verbs

732 3426 827 3484 eiusrlv
848 3427 998 3482 orationis
1016 3448 1043 3483 c.
1058 3442 1116 3506 57.
1139 3429 1231 3490 osten·

734 3510 828 3568 dunt:
854 3512 883 3566 in
899 3511 1057 3581 conspecto
1079 3520 1176 3574 totius
1192 3539 1230 3573 ur·

734 3594 779 3653 lis
793 3599 895 3651 domur
910 3596 950 3666 eft
963 3615 1046 3664 mea,
1066 3601 1232 3673 ‘nontamen

734 3682 765 3738 in
781 3702 839 3760 quo
849 3680 878 3752 si
891 3689 992 3734 inanes
1009 3684 1093 3740 illud
1111 3709 1233 3745 nonmu-

733 3775 902 3822 numentum
922 3766 1023 3837 urbis,
1057 3772 1121 3847 sed
1142 3776 1234 3849 sepul.

734 3872 830 3923 muln,
855 3850 975 3905 inimico
992 3861 1126 3914 nomine
1143 3863 1237 3936 iuj'cri·

732 3949 836 4012 ptum,
870 3937 1116 4011 demigrandum
1144 3948 1238 4022 potius

734 4023 837 4104 aliquo
854 4021 903 4096 eft.
922 4057 962 4069 -—
988 4017 1124 4093 Manui.
