2506 4808
98 418 104 429 ,
168 352 232 426 ¹78
415 334 703 407 EPISTULA
749 332 953 403 CXLIX·.·

170 534 219 595 ris
242 531 279 594 in
299 547 356 592 me
377 544 495 590 amore
517 527 680 610 cognovi:
705 542 808 607 eaque
834 519 912 586 sunt
937 520 1053 611 ipsius
1076 522 1219 591 Caesaris

171 630 355 693 uberrimis
386 624 495 690 literis
521 622 731 689 confirmata.
776 622 968 688 Britannici
998 625 1092 691 belli
1119 632 1221 691 exitus

173 727 398 818 exspectatur.
442 722 584 793 Constat
607 728 698 789 enim
723 724 835 790 aditus
867 722 1000 789 insulae
1029 722 1102 791 esso
1127 731 1223 792 muni·

172 841 229 897 tos
250 827 402 897 mirificis
422 825 583 893 molibus.
627 826 737 890 Etiam
758 825 842 892 illud
861 830 932 890 iam
955 834 1151 915 cognitum
1164 827 1221 900 est,

174 952 285 1016 neque
309 934 442 1018 argenti
463 924 643 1014 scripulum
668 924 735 991 eise
755 926 861 993 ullum
880 931 917 991 in
935 925 999 993 illa
1023 927 1157 1002 insula,
1176 949 1223 992 ne

174 1051 241 1115 que
258 1028 359 1096 ullam
382 1028 474 1118 spem
488 1026 651 1116 praedae,
673 1023 731 1092 nii
747 1029 790 1091 e'x
806 1032 1009 1114 mancipiis:
1035 1052 1086 1094 ex
1108 1033 1221 1114 quibus

174 1131 288 1197 nullos
305 1143 389 1219 puto
409 1143 442 1193 te
464 1129 592 1202 literis,
610 1141 667 1194 aut
681 1126 814 1196 musicis
830 1128 990 1195 eruditos
1014 1130 1220 1220 exspectare.

144 1258 166 1322 9
280 1230 414 1297 Paullus
433 1235 467 1294 in
483 1229 597 1294 medio
613 1229 693 1295 foro
708 1227 874 1294 basilicam
888 1235 959 1293 iam
975 1252 1102 1317 paene
1125 1239 1222 1299 texuit

174 1331 300 1400 iisdem
312 1336 457 1412 antiquis
474 1329 661 1395 columnis:
685 1328 776 1395 illam
798 1342 931 1404 autem,
954 1353 1071 1415 quam
1087 1334 1221 1406 locavit,

173 1431 258 1501 iacit
285 1428 652 1519 magnificentissimam.
707 1431 799 1524 Quid
829 1430 995 1515 quaeris?
1038 1434 1134 1501 nihil
1162 1456 1221 1525 gra·

143 1561 145 1567 ·
174 1537 243 1599 tius
271 1530 330 1597 illo
352 1544 597 1607 monumento,
616 1528 702 1598 nibil
725 1530 909 1622 glorioiurs.
956 1531 1091 1620 Itaque
1118 1537 1220 1603 Caei-

174 1637 223 1702 ris
242 1638 341 1698 amici
365 1637 443 1717 (me
468 1631 546 1698 dico
566 1644 601 1700 et
619 1631 787 1723 Oppium:
816 1632 1032 1723 dirumparis
1060 1638 1174 1724 licet)
1193 1644 1220 1702 in

174 1748 435 1802 monumentum
451 1732 555 1809 illud,
578 1733 667 1820 quod
686 1745 725 1800 tu
744 1732 864 1800 tollere
878 1733 1051 1804 laudibus
1076 1738 1220 1814 solebas,

175 1848 214 1903 ut
236 1836 351 1903 forum
374 1836 588 1911 laxaremus,
622 1848 785 1921 eiusque
809 1840 851 1900 ati
878 1841 1011 1903 atrium
1036 1838 1218 1906 Libertatis

175 1937 445 2027 explicaremus,
478 1934 738 2023 contempsimus
762 1936 950 2003 sexcenties
973 1938 1092 2008 H—S.
1143 1942 1220 2010 Cum

173 2044 316 2130 privatis
338 2061 408 2107 nou
423 2050 558 2127 poterat
578 2042 718 2124 transigi
738 2034 868 2103 minore
882 2046 1053 2125 pecunia.
1100 2043 1220 2111 Effieie

173 2161 252 2207 mus
275 2163 348 2206 rem
372 2138 642 2228 gloriossimam.
682 2137 769 2202 Nam
791 2143 829 2202 in
849 2137 983 2227 Campo
1008 2145 1155 2215 Martio
1172 2146 1218 2214 Se

172 2251 232 2330 pta
253 2244 392 2306 tributis
410 2245 556 2305 comitiis
581 2255 772 2305 marmorea
790 2240 900 2309 sumus
932 2254 969 2305 et
992 2257 1102 2314 tecta
1126 2249 1219 2316 factu·

172 2345 203 2406 ri
211 2362 221 2424 3
243 2363 346 2426 eaque
363 2349 538 2432 cingemus
556 2339 685 2407 excelsa
708 2348 919 2429 [sortierunt
943 2344 1050 2411 mille
1074 2349 1217 2438 passuum

175 2440 386 2514 conficiatur.
430 2440 541 2509 Simul
561 2442 766 2531 adiungetur
791 2440 868 2508 huic
891 2451 993 2532 operi
1018 2450 1107 2517 villa
1130 2458 1216 2517 etiam

562 2754 827 2779 m

213 3006 246 3072 9.
274 2986 416 3077 Paullus]
451 2993 486 3054 L.
512 2988 660 3055 Aemilius
717 3016 784 3054 cum
804 2996 931 3070 privatis
955 2999 1112 3089 intellige
1128 3006 1215 3070 domi·

172 3067 297 3138 Paullus
308 3120 316 3148 ,
341 3082 393 3155 qui
410 3078 487 3139 duae
506 3075 660 3150 basilicas,
718 3076 764 3142 nir
780 3081 903 3138 aedium
922 3082 964 3140 ad
986 3085 1105 3150 lorum
1114 3136 1126 3166 ,
1148 3114 1215 3175 qno·

171 3175 309 3223 veterem
324 3159 463 3236 restituit,
484 3183 597 3224 novam
611 3183 662 3224 ex·
718 3184 787 3225 rum
810 3165 901 3223 aedes
925 3173 1094 3235 emendae
1119 3182 1213 3250 mant,

171 3239 286 3310 struxit.
333 3241 454 3307 Manat.
719 3250 760 3311 ad
798 3246 1056 3326 amplificandam
1106 3283 1213 3323 aream.

215 3331 397 3406 dirumparis
420 3330 511 3419 licet]
533 3354 592 3412 per
615 3337 662 3395 io·
718 3336 769 3393 Sic
785 3332 908 3393 Caesari
944 3355 1021 3398 area
1064 3345 1132 3408 fori
1157 3347 1214 3408 iulii

172 3417 377 3490 enmdictum,
397 3417 660 3498 quodAtticneab
718 3416 852 3479 constitit
880 3419 940 3478 Hs.
978 3424 1101 3489 millies
1139 3436 1214 3493 sm

171 3519 209 3560 ea
234 3504 365 3562 amicitie
393 3523 465 3562 eum
491 3501 661 3564 absterrere
719 3501 805 3564 Cael.
824 3503 871 3565 26.
891 3496 1025 3581 Ernesti.
1056 3513 1123 3576 sitsi
1139 3519 1216 3579 Cice·

170 3580 299 3648 solebat.
327 3582 453 3664 Ernesti.
717 3607 756 3648 ro
787 3585 848 3648 hoc
874 3608 1129 3660 monumentum
1159 3604 1216 3662 lau·

216 3671 590 3755 inmonumentnmillud]
616 3669 661 3746 sn,
718 3674 795 3734 dere
817 3671 955 3746 videtur,
984 3683 1092 3744 'male
1120 3703 1215 3749 tamen

171 3757 261 3835 quod
286 3754 369 3816 abest
391 3757 462 3814 edd.
486 3777 532 3827 pr.
557 3755 662 3817 absor-
718 3755 1217 3851 dissimulatletantem-pecuniae

169 3853 258 3916 ptum
272 3861 288 3898 a
303 3840 391 3899 litere
408 3839 661 3918 sequente,recte
718 3841 931 3924 profusionem
948 3851 1156 3930 improbare.
1166 3859 1218 3919 Ita.

169 3920 301 3984 restituit
348 3916 465 3984 Bollus.
538 3925 662 3986 Deinde
720 3929 980 4008 queurbennest
1002 3939 1039 4000 in
1058 3938 1218 4007 hisverbir

169 4009 396 4082 contempsimus
410 4008 578 4092 eleganter,
601 4032 662 4089 pro
720 4017 833 4075 ironia.

169 4089 351 4166 effudimus,
374 4095 569 4169 impendimus
585 4097 665 4157 Mox
