2506 4808
141 321 205 389 'rosi
413 312 694 384 EPISTOLA
734 306 894 383 CXIII.

142 502 387 596 propugnatio,
408 524 447 568 ac
471 500 616 568 defensio
630 501 805 589 diguitatis
824 512 922 577 tuae,
947 518 1110 594 propter
1129 526 1190 571 mr·

145 607 356 697 gnitudinem
370 600 525 667 beneficii
539 609 601 675 tui,
613 600 747 667 fortasse
761 601 935 690 plerisque
950 605 1074 673 officii
1090 613 1187 671 maio·

144 732 219 793 rem
242 711 478 772 auctoritatem
500 701 625 769 habere
650 702 821 777 videatur,
853 726 963 791 quam,
979 706 1183 773 sententiae.

143 806 323 877 Praetereo
345 804 482 889 quidem
504 804 546 868 de
572 788 800 869 contutiribus
821 812 954 873 nemini
974 807 1117 897 possum
1132 820 1183 875 aut

142 907 242 976 studii
265 928 342 994 erga
365 919 416 986 te,
439 918 496 970 aut
519 901 641 977 officii,
662 914 718 968 aut
738 909 837 971 amici
853 913 957 973 animi
981 909 1057 976 esse
1076 909 1179 977 testis.

143 996 279 1077 Etenim
293 1006 507 1097 Pompeium,
529 1010 584 1091 qui
607 1027 741 1073 mecum
756 1004 951 1097 saepissime,
976 1010 1194 1078 iron'solum·

144 1134 233 1181 ame
253 1122 479 1201 provocatus,
497 1104 553 1170 sed
580 1112 680 1175 etiarn
703 1106 759 1172 sna
775 1105 890 1197 sponte
904 1108 948 1175 de
970 1122 1007 1175 te
1028 1134 1181 1179 commu·

143 1220 258 1280 nicare
274 1210 373 1283 solet,
397 1208 475 1280 scis,
497 1210 706 1294 temporibus
723 1208 790 1277 illis
806 1212 876 1275 n'on
897 1210 993 1301 saepe
1009 1216 1051 1279 in
1068 1212 1180 1279 senatu

143 1298 250 1395 inisse.
295 1312 358 1378 Cui
378 1308 514 1393 quidem
537 1307 654 1373 literae
677 1322 771 1386 tuae,
794 1330 876 1393 quas
898 1296 1067 1399 proxime
1088 1312 1177 1379 mise·

143 1435 218 1489 ras,
250 1411 341 1497 quod
362 1406 458 1475 facile
479 1406 729 1489 intellexerim,
762 1412 991 1503 periucundae
1014 1415 1176 1497 fuerunt3

142 1513 226 1581 mihi
240 1513 374 1596 quidem
392 1508 581 1575 humanitas
598 1524 673 1588 tua,
692 1513 745 1582 vel
763 1513 887 1579 summa
901 1518 1020 1601 potius
1049 1517 1175 1608 sapien·

143 1621 206 1688 tia,
227 1636 298 1678 non
311 1612 458 1677 iucunda
472 1610 595 1686 solum,
618 1610 672 1678 sed
689 1619 788 1696 etiam
805 1613 1010 1681 admirabilis
1028 1617 1098 1683 visa
1118 1616 1155 1683 es
1166 1664 1174 1681 .

144 1716 263 1782 Virum
279 1718 369 1779 enim
384 1711 624 1788 excellentem,
645 1728 679 1779 et
690 1718 756 1782 'tibi
771 1730 829 1783 tua
841 1714 1026 1804 praestanti
1042 1723 1081 1783 iu
1099 1710 1175 1786 eunt

141 1814 342 1891 liberalitate
359 1816 569 1889 devinctum,
590 1815 744 1881 nonnihil
768 1815 1006 1905 suspicantem,
1033 1835 1176 1910 propter

112 1997 117 2007 Ι
142 1917 332 2001 aliquorum
352 1921 543 2000 opinionem
565 1916 638 1982 suae
655 1916 867 2007 cupiditatis,
887 1920 980 1983 teob
1002 1916 1038 1985 se
1057 1920 1176 1987 abalie-

142 2031 278 2101 natum,
297 2017 354 2083 illa
369 2015 504 2104 epistola
517 2017 692 2083 retinuisti.
737 2015 806 2107 Qui
822 2012 905 2083 mihi
920 2039 1029 2102 quum
1046 2018 1176 2110 semper

143 2134 223 2187 tuae
244 2118 335 2184 laudi
352 2120 466 2183 lavere
489 2116 574 2183 visus
599 2114 664 2191 est,
694 2126 796 2184 etiarn
816 2118 887 2208 ipso
912 2117 1175 2208 suspiciosissimo

140 2224 297 2309 ‘tempore
307 2221 512 2286 Caniniano:
532 2232 604 2285 tum
622 2242 722 2292 vero,
743 2218 843 2285 lectis
861 2226 928 2286 tuis
944 2219 1083 2299 literi8‚
1103 2247 1176 2315 per·

142 2320 274 2417 spectus
298 2320 344 2386 est
366 2344 384 2387 a
406 2344 478 2401 me,
497 2333 572 2385 toto
595 2322 764 2385 unimode
786 2334 843 2397 te,
865 2344 903 2386 ac
925 2320 1060 2407 detuss
1079 2348 1177 2395 orna·

523 2520 792 2538 m

183 2667 241 2707 non
257 2645 348 2722 saepe
362 2647 391 2701 in
399 2642 504 2719 senatu
512 2642 628 2728 fuiffe]
725 2647 926 2733 liberalitate]
959 2646 1119 2719 Liberalis
1146 2662 1178 2723 in

141 2748 194 2805 nt,
227 2751 323 2813 quum
351 2725 422 2808 post
451 2733 627 2789 orationem
684 2728 868 2811 Pompeium
884 2734 1177 2822 Lentulue'fneret,

139 2837 202 2899 pro
218 2815 341 2876 Milone
353 2811 506 2884 habitem,
531 2833 627 2894 quum
684 2834 779 2895 quum
805 2816 846 2876 de
865 2819 1072 2887 frumentaria
1090 2850 1178 2892 cure·

136 2902 260 2964 'senetur
274 2903 430 2959 incuriam
444 2913 569 2959 vocatus
583 2898 628 2959 es·
682 2905 769 2960 tione
789 2901 829 2962 ed
849 2921 920 2961 eum
945 2904 1124 2973 deferende
1147 2931 1178 2976 et

137 2986 212 3059 set,
251 2984 339 3044 domi
375 2981 404 3042 se
437 2983 626 3047 continebat.
684 2999 791 3047 eeret
812 2985 965 3049 consulet
983 2991 1176 3065 obtineretur,

139 3072 200 3151 Ep.
215 3089 270 3150 99,
285 3083 316 3143 5.
360 3070 524 3128 Praeterea
539 3069 629 3149 quod
726 3080 807 3134 aunt.

140 3158 301 3218 Manutius
314 3172 379 3213 non
394 3153 543 3237 neglexit,
562 3169 629 3215 tum
719 3154 793 3230 suae
835 3156 1028 3245 cupiditatis]
1072 3164 1179 3239 Ptqlfl.

141 3260 238 3322 qnum
257 3235 331 3298 esset
343 3258 412 3298 eum
431 3242 562 3318 imperio
578 3259 629 3299 cu·
684 3258 806 3301 meeum
823 3240 1001 3304 reducendi.

141 3327 255 3387 rationi
284 3324 504 3383 frumentariae
536 3343 629 3403 pree·
727 3335 860 3400 tempore
879 3323 1068 3415 Caniniano]
1093 3351 1177 3398 ente.

141 3405 269 3491 positue,
280 3407 402 3487 ingredi
409 3407 517 3467 urbem
528 3413 556 3466 ei
563 3426 630 3469 non
685 3428 779 3489 quern
795 3411 917 3471 Caninii
930 3419 1056 3495 rogatio
1072 3419 1115 3480 de
1130 3440 1179 3482 re·

140 3491 271 3567 licebat,
288 3491 342 3554 nisi
364 3491 559 3576 ingrediendi
577 3512 629 3553 ve·
685 3488 931 3576 ge'Ptolemeeo
958 3518 1018 3577 per
1038 3501 1179 3585 Pompe-

140 3584 224 3642 niem
246 3599 264 3639 e
283 3578 388 3639 senatu
403 3574 546 3658 petiisset.
684 3582 747 3637 inm
780 3577 969 3655 restituendo
1003 3585 1177 3653 refrixisset

180 3667 257 3724 mitt
286 3661 429 3746 quiden]
460 3661 527 3722 duo
552 3662 629 3720 enri-
684 3662 966 3743 Snspiciosiffimutn
1004 3665 1070 3731 stoc
1101 3690 1179 3737 tem.

141 3747 498 3834 quiciacnddmreid.
512 3768 536 3807 r.
554 3759 628 3807 ete.
684 3764 744 3826 pur
761 3764 844 3820 eret,
876 3750 967 3829 quod
989 3766 1056 3817 turn
1081 3765 1178 3822 mni.

141 3839 290 3899 ominum
304 3831 486 3912 perticulam
497 3832 630 3910 quidem,
673 3833 833 3893 ‚memulti
846 3831 1181 3914 suspicabantanom·

140 3917 486 4003 probeuteBenedicto.
507 3914 631 3996 Siquid
686 3921 795 3997 pesum
806 3917 904 3998 ipsum
914 3916 1119 3989 vehementer
1128 3950 1181 3995 ω.

129 3999 400 4072 miscendumst,
431 3998 537 4063 malim
563 4002 630 4069 eine
687 4000 1181 4092 peresibihoenegetiummu·

142 4074 217 4153 loco
240 4083 473 4166 autem-saihs·
593 4124 610 4149 ·.
674 4085 771 4168 .Μ
861 4128 868 4151 i
