2506 4808
217 274 508 353 EPISTULA
558 274 713 359 xxm
916 299 981 372 ty·

87 463 152 541 dee,
170 489 247 533 non
268 474 317 533 ita
339 469 503 534 acerbum
526 463 634 535 videri
656 465 777 541 debet,
797 438 981 559 propterea

87 575 275 658 neimperio
296 570 413 659 populi
430 566 595 641 Romani,
624 563 691 634 [uis
713 567 893 641 institutis,
918 590 982 657 pet

87 683 117 737 ta
133 671 280 742 fuerunt.
324 672 461 745 Nomen
482 677 595 736 aut'em
617 670 789 759 publicani
812 669 980 760 aspernari

87 771 169 852 ¹sunt,
186 779 243 865 qui
255 774 404 861 pendere
410 770 469 861 ipfi
478 770 622 860 vectigal
634 768 703 837 fine
715 772 981 860 publicanorum

87 887 142 949 nt,
164 874 254 959 quod
266 881 309 940 iis
325 876 507 960 aequaliter
520 873 616 941 Sulla
629 871 857 963 descripserat.
898 873 982 943 Non

88 999 141 1047 ern
157 977 305 1043 leniores
321 984 359 1044 in
374 976 551 1066 exigendis
567 975 790 1064 vectigalibus
816 975 983 1051 Graecos„
1006 1063 1010 1067 .

88 1077 198 1145 ostros
220 1079 438 1166 publicanos,
470 1075 718 1170 hinc·intelligi
739 1077 866 1167 potest,
887 1075 981 1162 quod

87 1202 197 1268 nuper
213 1202 401 1275 omnesque
420 1200 463 1245 ex
478 1175 613 1252 insulis,
638 1200 722 1262 quae
738 1191 835 1244 erant
847 1182 889 1245 ab
903 1177 980 1247 Sul·
1010 1198 1013 1206 ’

87 1283 142 1348 liis
160 1283 365 1357 attributae,'
379 1282 607 1369 confugerunt
619 1280 662 1347 ed
677 1280 847 1357 senatum,
879 1283 980 1349 nobie

87 1407 119 1450 rs
136 1385 299 1472 vectigal,
321 1405 420 1468 quam
445 1381 589 1452 Rhodiis
612 1383 814 1470 penderent.
864 1382 981 1473 Quare

91 1486 266 1574 publicani
280 1508 390 1571 neque
405 1492 429 1555 ii
443 1486 570 1551 debent
583 1481 749 1560 horrere,
776 1490 834 1573 qui
849 1485 982 1574 semper

87 1590 131 1652 'res
147 1588 303 1672 fuerunt3
333 1586 443 1674 neq'ue
457 1594 482 1655 ii
496 1587 681 1676 aspernari,
708 1593 764 1671 qui
777 1609 840 1682 per
856 1587 888 1654 se
901 1611 982 1678 pen-

87 1688 204 1774 ectigal
222 1712 292 1754 non
312 1702 514 1778 potuerunt3
549 1711 659 1774 neque
682 1693 707 1755 ii
730 1688 901 1769 recusare,
923 1695 982 1775 qui

87 1802 215 1855 terunt.
259 1789 371 1862 Simul
394 1805 428 1857 et
443 1790 527 1857 illud
541 1788 618 1855 Afia
635 1796 782 1879 (rogitet,
813 1789 983 1856 nullama

89 1912 107 1954 e
124 1890 205 1964 belli
220 1897 370 1967 externi,
391 1915 502 1977 neque
518 1892 763 1963 discordiarum
786 1891 984 1958 domestica·

87 1990 219 2066 {amitat
204 2005 274 2066 tem
291 1995 480 2068 abfuturam
495 1993 591 2067 fuisse
596 1991 755 2071 Qfihoc
745 1998 891 2080 nnperio
912 2015 985 2057 non

87 2117 138 2168 ur
199 2095 239 2166 Id
267 2110 380 2160 autem
402 2101 580 2189 imperium
610 2110 715 2188 quum
745 2100 886 2160 retineri
916 2093 984 2160 fine

87 2195 176 2262 libus
193 2197 286 2270 nullo
304 2198 407 2263 modo
423 2195 538 2285 poffit,
560 2204 666 2281 aequo
683 2202 794 2269 animo
810 2208 906 2285 parte
929 2196 986 2262 ali

87 2321 178 2364 >rum
200 2298 373 2365 fructuum
407 2320 528 2389 pacem
549 2297 610 2364 fibi
631 2298 868 2387 sempiternam
896 2300 984 2365 tedi-
1013 2352 1017 2359 .
1084 2288 1089 2298 “

87 2411 169 2482 tque
185 2406 303 2465 otium.
347 2401 450 2492 Quod
472 2400 494 2474 fi
519 2422 627 2489 genus
649 2406 683 2488 ip
686 2399 775 2473 sum,
800 2410 834 2461 et
858 2421 986 2463 nomen

87 2505 126 2564 ‚ni
140 2523 211 2564 non
225 2505 341 2584 iniquo
356 2509 468 2575 animo
484 2504 706 2570 sustinebunt:
737 2512 901 2588 poterunt
921 2505 984 2575 iiS,

87 2623 94 2663 ι
112 2612 147 2664 et
160 2601 341 2688 prudentia
354 2619 429 2679 tua,
448 2605 578 2690 reliqua
601 2603 707 2671 videri
722 2606 868 2666 mitiora.
911 2599 986 2673 Por«

336 2807 607 2828 W

87 2937 217 3027 xgloss'e
236 2941 368 3020 fluxerit,
389 2944 444 3006 de·
543 2923 631 3025 qued¹
647 2945 683 3009 it's
697 2945 860 3022 aequaliter
884 2939 992 3040 Sulla]

500 3028 560 3091 scil.
588 3035 621 3090 in
649 3034 761 3110 capite.
821 3031 870 3089 De
893 3051 928 3091 ee
952 3054 988 3094 ιο

87 3117 115 3188 se
144 3116 238 3191 ipsi
227 3125 270 3180 tta
293 3112 445 3196 fuerunt]
501 3116 561 3178 vid.
594 3112 748 3182 Plutarch.
781 3117 813 3174 in
845 3117 986 3190 Lucullo,

89 3201 155 3260 ben
170 3196 275 3271 effent
290 3199 348 3258 sure
364 3197 446 3278 1ps0
503 3205 557 3281 qui
586 3203 649 3260 XX
671 3200 785 3341 millieE
797 3199 988 3264 talentorum

87 3283 446 3432 'titutishebueropubli-
501 3281 589 3346 fuiffe
610 3285 712 3346 tredit.
757 3280 883 3362 Erssnestt

89 3365 217 3444 mesti.
549 3367 677 3473 Caunii]
720 3373 922 3446 civieCeuni,
937 3393 988 3432 ur

87 3453 242 3537 melicano]
264 3451 348 3533 ipsae
364 3455 446 3518 enim
502 3454 548 3522 bie
566 3458 676 3518 Cariae
690 3459 872 3516 maritimae.

105 3545 241 3604 civitates
270 3559 337 3598 non
357 3539 447 3604 facile
548 3537 670 3603 Rhodiis
686 3552 749 3598 attr
734 3539 867 3633 ributae]
895 3561 989 3620 quam

91 3626 228 3708 gendum
249 3623 447 3705 vectigaled·
504 3623 547 3685 ob
582 3626 702 3686 causam
737 3626 822 3686 Sulla
858 3625 990 3684 Rhodiis

87 3732 132 3782 ιι,
154 3707 267 3778 ιιὶΓιΓιι,
292 3713 448 3789 quipree·
504 3708 566 3770 hoc
587 3711 725 3786 dederit,
766 3731 834 3773 non
858 3708 988 3779 constet

91 3793 204 3855 huius
234 3797 367 3857 muneris
396 3814 447 3852 cu·
506 3791 633 3870 Ernesti.

87 3896 151 3951 rat,
189 3893 220 3938 et
235 3876 291 3942 suo
307 3877 447 3956 pencnlo
545 3880 732 3965 quinat-se]
773 3885 833 3944 i..e
855 3878 991 3966 flnepu·

112 3969 224 4045 exiget
281 3963 378 4043 Quod
403 3964 448 4024 se·
503 3963 644 4030 blicanis.

87 4050 268 4127 mittimus,
300 4043 422 4120 Manat.
