<?xml version="1.0" encoding="UTF-8"?>
<!DOCTYPE html PUBLIC "-//W3C//DTD XHTML 1.0 Transitional//EN"
    "http://www.w3.org/TR/xhtml1/DTD/xhtml1-transitional.dtd">
<html xmlns="http://www.w3.org/1999/xhtml" xml:lang="en" lang="en">
 <head>
  <title>
</title>
<meta http-equiv="Content-Type" content="text/html;charset=utf-8" />
  <meta name='ocr-system' content='tesseract 3.04.00' />
  <meta name='ocr-capabilities' content='ocr_page ocr_carea ocr_par ocr_line ocrx_word'/>
</head>
<body>
  <div class='ocr_page' id='page_1' title='image "./mtciceronisepis00billgoog/mtciceronisepis00billgoog_0055.png"; bbox 0 0 2506 4808; ppageno 0'>
   <div class='ocr_carea' id='block_1_1' title="bbox 113 290 855 386">
    <p class='ocr_par' dir='ltr' id='par_1_1' title="bbox 113 290 855 386">
     <span class='ocr_line' id='line_1_1' title="bbox 113 290 855 386; baseline 0.001 -24"><span class='ocrx_word' id='word_1_1' title='bbox 113 306 165 386; x_wconf 71' lang='lat'>44-</span> <span class='ocrx_word' id='word_1_2' title='bbox 411 290 703 365; x_wconf 69' lang='lat' dir='ltr'>emenone</span> <span class='ocrx_word' id='word_1_3' title='bbox 742 293 855 373; x_wconf 69' lang='lat' dir='ltr'>xm,</span> 
     </span>
    </p>
   </div>
   <div class='ocr_carea' id='block_1_2' title="bbox 47 480 1152 2703">
    <p class='ocr_par' dir='ltr' id='par_1_2' title="bbox 47 480 1152 1483">
     <span class='ocr_line' id='line_1_2' title="bbox 113 480 1152 572; baseline 0.008 -21"><span class='ocrx_word' id='word_1_4' title='bbox 113 491 167 551; x_wconf 82' lang='lat' dir='ltr'>ius</span> <span class='ocrx_word' id='word_1_5' title='bbox 187 496 252 572; x_wconf 83' lang='lat' dir='ltr'>ego</span> <span class='ocrx_word' id='word_1_6' title='bbox 272 486 457 551; x_wconf 77' lang='lat' dir='ltr'><strong>temeritati</strong></span> <span class='ocrx_word' id='word_1_7' title='bbox 480 480 659 557; x_wconf 70' lang='lat' dir='ltr'>livinute,</span> <span class='ocrx_word' id='word_1_8' title='bbox 684 495 784 568; x_wconf 82' lang='lat' dir='ltr'>atque</span> <span class='ocrx_word' id='word_1_9' title='bbox 801 490 914 551; x_wconf 83' lang='lat' dir='ltr'>animo</span> <span class='ocrx_word' id='word_1_10' title='bbox 932 505 1005 555; x_wconf 85' lang='lat' dir='ltr'>non</span> <span class='ocrx_word' id='word_1_11' title='bbox 1018 489 1152 559; x_wconf 81' lang='lat' dir='ltr'>restitis-</span> 
     </span>
     <span class='ocr_line' id='line_1_3' title="bbox 47 581 1152 680; baseline 0.012 -33"><span class='ocrx_word' id='word_1_12' title='bbox 47 610 49 616; x_wconf 95' lang='lat'>·</span> <span class='ocrx_word' id='word_1_13' title='bbox 112 587 201 659; x_wconf 74' lang='lat' dir='ltr'>sem,</span> <span class='ocrx_word' id='word_1_14' title='bbox 234 590 308 667; x_wconf 89' lang='lat' dir='ltr'>quis</span> <span class='ocrx_word' id='word_1_15' title='bbox 331 581 427 657; x_wconf 87' lang='lat' dir='ltr'>esset,</span> <span class='ocrx_word' id='word_1_16' title='bbox 450 588 507 667; x_wconf 87' lang='lat' dir='ltr'>qui</span> <span class='ocrx_word' id='word_1_17' title='bbox 529 589 635 657; x_wconf 86' lang='lat' dir='ltr'>mein</span> <span class='ocrx_word' id='word_1_18' title='bbox 650 583 821 653; x_wconf 75' lang='lat' dir='ltr'>consulatu</span> <span class='ocrx_word' id='word_1_19' title='bbox 840 610 913 654; x_wconf 84' lang='lat' dir='ltr'>nou</span> <span class='ocrx_word' id='word_1_20' title='bbox 934 590 1010 655; x_wconf 83' lang='lat' dir='ltr'>casu</span> <span class='ocrx_word' id='word_1_21' title='bbox 1032 599 1152 680; x_wconf 65' lang='lat' dir='ltr'>potina</span> 
     </span>
     <span class='ocr_line' id='line_1_4' title="bbox 113 683 1152 771; baseline 0.005 -17"><span class='ocrx_word' id='word_1_22' title='bbox 113 685 336 759; x_wconf 78' lang='lat' dir='ltr'>existimaret,</span> <span class='ocrx_word' id='word_1_23' title='bbox 357 706 458 769; x_wconf 85' lang='lat' dir='ltr'>quarn</span> <span class='ocrx_word' id='word_1_24' title='bbox 481 683 619 753; x_wconf 81' lang='lat' dir='ltr'>consilio</span> <span class='ocrx_word' id='word_1_25' title='bbox 642 687 768 752; x_wconf 82' lang='lat' dir='ltr'>fortem</span> <span class='ocrx_word' id='word_1_26' title='bbox 789 686 907 754; x_wconf 84' lang='lat' dir='ltr'>fnisse?</span> <span class='ocrx_word' id='word_1_27' title='bbox 951 692 1045 759; x_wconf 75' lang='lat' dir='ltr'>Haeo</span> <span class='ocrx_word' id='word_1_28' title='bbox 1068 692 1152 771; x_wconf 72' lang='lat' dir='ltr'>fle.</span> 
     </span>
     <span class='ocr_line' id='line_1_5' title="bbox 113 778 1152 875; baseline 0.01 -21"><span class='ocrx_word' id='word_1_29' title='bbox 113 786 292 854; x_wconf 81' lang='lat' dir='ltr'>Metellum</span> <span class='ocrx_word' id='word_1_30' title='bbox 305 794 456 875; x_wconf 78' lang='lat' dir='ltr'>cogitare</span> <span class='ocrx_word' id='word_1_31' title='bbox 471 787 513 851; x_wconf 88' lang='lat' dir='ltr'>de</span> <span class='ocrx_word' id='word_1_32' title='bbox 529 811 583 853; x_wconf 87' lang='lat' dir='ltr'>me</span> <span class='ocrx_word' id='word_1_33' title='bbox 596 785 744 863; x_wconf 77' lang='lat' dir='ltr'>nescisti,</span> <span class='ocrx_word' id='word_1_34' title='bbox 765 787 869 856; x_wconf 87' lang='lat' dir='ltr'>debes</span> <span class='ocrx_word' id='word_1_35' title='bbox 885 793 1095 871; x_wconf 56' lang='lat' dir='ltr'>existimares</span> <span class='ocrx_word' id='word_1_36' title='bbox 1113 778 1152 867; x_wconf 68' lang='lat' dir='ltr'>ti</span> 
     </span>
     <span class='ocr_line' id='line_1_6' title="bbox 112 889 1152 973; baseline 0.007 -18"><span class='ocrx_word' id='word_1_37' title='bbox 112 892 270 955; x_wconf 82' lang='lat' dir='ltr'>maximis</span> <span class='ocrx_word' id='word_1_38' title='bbox 288 889 330 952; x_wconf 90' lang='lat' dir='ltr'>de</span> <span class='ocrx_word' id='word_1_39' title='bbox 349 892 451 959; x_wconf 83' lang='lat' dir='ltr'>rebus</span> <span class='ocrx_word' id='word_1_40' title='bbox 468 911 487 953; x_wconf 84' lang='lat' dir='ltr'>a</span> <span class='ocrx_word' id='word_1_41' title='bbox 503 890 608 956; x_wconf 75' lang='lat' dir='ltr'>fratm</span> <span class='ocrx_word' id='word_1_42' title='bbox 624 889 686 955; x_wconf 86' lang='lat' dir='ltr'>esse</span> <span class='ocrx_word' id='word_1_43' title='bbox 702 891 864 959; x_wconf 84' lang='lat' dir='ltr'>celatum:</span> <span class='ocrx_word' id='word_1_44' title='bbox 893 893 941 961; x_wconf 86' lang='lat' dir='ltr'>lin</span> <span class='ocrx_word' id='word_1_45' title='bbox 964 909 1080 963; x_wconf 84' lang='lat' dir='ltr'>eutem</span> <span class='ocrx_word' id='word_1_46' title='bbox 1095 896 1152 973; x_wconf 60' lang='lat' dir='ltr'>eli,</span> 
     </span>
     <span class='ocr_line' id='line_1_7' title="bbox 111 990 1150 1076; baseline 0.011 -21"><span class='ocrx_word' id='word_1_47' title='bbox 111 990 194 1073; x_wconf 86' lang='lat' dir='ltr'>quid</span> <span class='ocrx_word' id='word_1_48' title='bbox 216 995 407 1076; x_wconf 86' lang='lat' dir='ltr'>impertivit</span> <span class='ocrx_word' id='word_1_49' title='bbox 428 992 491 1055; x_wconf 88' lang='lat' dir='ltr'>tibi</span> <span class='ocrx_word' id='word_1_50' title='bbox 513 990 561 1061; x_wconf 84' lang='lat' dir='ltr'>sui</span> <span class='ocrx_word' id='word_1_51' title='bbox 583 990 731 1067; x_wconf 79' lang='lat' dir='ltr'>consilii,</span> <span class='ocrx_word' id='word_1_52' title='bbox 750 993 839 1059; x_wconf 85' lang='lat' dir='ltr'>lenis</span> <span class='ocrx_word' id='word_1_53' title='bbox 860 1016 880 1061; x_wconf 83' lang='lat' dir='ltr'>a</span> <span class='ocrx_word' id='word_1_54' title='bbox 902 1007 953 1069; x_wconf 87' lang='lat' dir='ltr'>te,</span> <span class='ocrx_word' id='word_1_55' title='bbox 983 1010 1020 1063; x_wconf 89' lang='lat' dir='ltr'>et</span> <span class='ocrx_word' id='word_1_56' title='bbox 1038 998 1150 1073; x_wconf 71' lang='lat' dir='ltr'>facille</span> 
     </span>
     <span class='ocr_line' id='line_1_8' title="bbox 111 1090 1151 1199; baseline 0.009 -40"><span class='ocrx_word' id='word_1_57' title='bbox 111 1090 294 1159; x_wconf 81' lang='lat' dir='ltr'>existimari</span> <span class='ocrx_word' id='word_1_58' title='bbox 319 1090 447 1165; x_wconf 83' lang='lat' dir='ltr'><strong>debeo,</strong></span> <span class='ocrx_word' id='word_1_59' title='bbox 477 1098 535 1176; x_wconf 88' lang='lat' dir='ltr'>qui</span> <span class='ocrx_word' id='word_1_60' title='bbox 559 1090 644 1159; x_wconf 85' lang='lat' dir='ltr'>nihil</span> <span class='ocrx_word' id='word_1_61' title='bbox 666 1105 781 1161; x_wconf 81' lang='lat' dir='ltr'>tecum</span> <span class='ocrx_word' id='word_1_62' title='bbox 800 1094 843 1158; x_wconf 87' lang='lat' dir='ltr'>de</span> <span class='ocrx_word' id='word_1_63' title='bbox 868 1091 922 1163; x_wconf 82' lang='lat' dir='ltr'>his</span> <span class='ocrx_word' id='word_1_64' title='bbox 944 1095 1023 1184; x_wconf 83' lang='lat' dir='ltr'>ipsis</span> <span class='ocrx_word' id='word_1_65' title='bbox 1046 1101 1151 1199; x_wconf 65' lang='lat' dir='ltr'>rebem⁴</span> 
     </span>
     <span class='ocr_line' id='line_1_9' title="bbox 108 1191 1144 1283; baseline 0.006 -24"><span class='ocrx_word' id='word_1_66' title='bbox 108 1191 333 1280; x_wconf 76' lang='lat' dir='ltr'>expostulem.</span> <span class='ocrx_word' id='word_1_67' title='bbox 383 1193 443 1266; x_wconf 84' lang='lat' dir='ltr'>Et,</span> <span class='ocrx_word' id='word_1_68' title='bbox 465 1191 487 1256; x_wconf 82' lang='lat' dir='ltr'>si</span> <span class='ocrx_word' id='word_1_69' title='bbox 507 1193 690 1281; x_wconf 81' lang='lat' dir='ltr'>intelligis,</span> <span class='ocrx_word' id='word_1_70' title='bbox 718 1217 790 1263; x_wconf 86' lang='lat' dir='ltr'>non</span> <span class='ocrx_word' id='word_1_71' title='bbox 812 1218 869 1263; x_wconf 85' lang='lat' dir='ltr'>me</span> <span class='ocrx_word' id='word_1_72' title='bbox 890 1198 984 1265; x_wconf 88' lang='lat' dir='ltr'>dicto</span> <span class='ocrx_word' id='word_1_73' title='bbox 1004 1199 1064 1267; x_wconf 84' lang='lat' dir='ltr'>Me</span> <span class='ocrx_word' id='word_1_74' title='bbox 1140 1274 1144 1283; x_wconf 48' lang='lat'>‚</span> 
     </span>
     <span class='ocr_line' id='line_1_10' title="bbox 110 1291 1116 1380; baseline 0.004 -18"><span class='ocrx_word' id='word_1_75' title='bbox 110 1308 151 1362; x_wconf 79' lang='lat' dir='ltr'>ut</span> <span class='ocrx_word' id='word_1_76' title='bbox 165 1294 298 1368; x_wconf 82' lang='lat' dir='ltr'>scribis,</span> <span class='ocrx_word' id='word_1_77' title='bbox 326 1293 383 1359; x_wconf 89' lang='lat' dir='ltr'>sed</span> <span class='ocrx_word' id='word_1_78' title='bbox 398 1291 536 1360; x_wconf 77' lang='lat' dir='ltr'>consilio</span> <span class='ocrx_word' id='word_1_79' title='bbox 552 1299 646 1369; x_wconf 80' lang='lat' dir='ltr'>eius,</span> <span class='ocrx_word' id='word_1_80' title='bbox 671 1299 850 1380; x_wconf 84' lang='lat' dir='ltr'>animoque</span> <span class='ocrx_word' id='word_1_81' title='bbox 870 1303 909 1363; x_wconf 85' lang='lat' dir='ltr'>in</span> <span class='ocrx_word' id='word_1_82' title='bbox 923 1320 976 1364; x_wconf 85' lang='lat' dir='ltr'>me</span> <span class='ocrx_word' id='word_1_83' title='bbox 992 1304 1042 1365; x_wconf 89' lang='lat' dir='ltr'>ini</span> <span class='ocrx_word' id='word_1_84' title='bbox 1080 1306 1087 1320; x_wconf 89' lang='lat'>&#39;</span> <span class='ocrx_word' id='word_1_85' title='bbox 1108 1304 1116 1319; x_wconf 90' lang='lat'>&#39;</span> 
     </span>
     <span class='ocr_line' id='line_1_11' title="bbox 112 1395 1134 1483; baseline 0.011 -22"><span class='ocrx_word' id='word_1_86' title='bbox 112 1395 193 1462; x_wconf 84' lang='lat' dir='ltr'>simo</span> <span class='ocrx_word' id='word_1_87' title='bbox 223 1396 287 1461; x_wconf 87' lang='lat' dir='ltr'>esse</span> <span class='ocrx_word' id='word_1_88' title='bbox 319 1408 549 1463; x_wconf 82' lang='lat' dir='ltr'>commotum:</span> <span class='ocrx_word' id='word_1_89' title='bbox 586 1395 753 1483; x_wconf 83' lang='lat' dir='ltr'>cognosce</span> <span class='ocrx_word' id='word_1_90' title='bbox 780 1420 872 1467; x_wconf 85' lang='lat' dir='ltr'>nunc</span> <span class='ocrx_word' id='word_1_91' title='bbox 901 1397 1134 1483; x_wconf 59' lang='lat' dir='ltr'>humanitatem</span> 
     </span>
    </p>

    <p class='ocr_par' dir='ltr' id='par_1_3' title="bbox 111 1495 1144 1683">
     <span class='ocr_line' id='line_1_12' title="bbox 112 1495 1144 1617; baseline 0.01 -52"><span class='ocrx_word' id='word_1_92' title='bbox 112 1521 239 1581; x_wconf 84' lang='lat' dir='ltr'>meam3</span> <span class='ocrx_word' id='word_1_93' title='bbox 269 1495 291 1562; x_wconf 90' lang='lat' dir='ltr'>s1</span> <span class='ocrx_word' id='word_1_94' title='bbox 305 1496 498 1565; x_wconf 82' lang='lat' dir='ltr'>humanitas</span> <span class='ocrx_word' id='word_1_95' title='bbox 517 1495 717 1584; x_wconf 79' lang='lat' dir='ltr'>appellanda-</span> <span class='ocrx_word' id='word_1_96' title='bbox 728 1497 775 1565; x_wconf 85' lang='lat' dir='ltr'>est</span> <span class='ocrx_word' id='word_1_97' title='bbox 789 1504 825 1565; x_wconf 89' lang='lat' dir='ltr'>in</span> <span class='ocrx_word' id='word_1_98' title='bbox 839 1500 1044 1570; x_wconf 80' lang='lat' dir='ltr'>acerbissima</span> <span class='ocrx_word' id='word_1_99' title='bbox 1062 1509 1144 1617; x_wconf 41' lang='lat' dir='ltr'>ini-¹</span> 
     </span>
     <span class='ocr_line' id='line_1_13' title="bbox 111 1597 1132 1683; baseline 0.007 -16"><span class='ocrx_word' id='word_1_100' title='bbox 111 1609 162 1667; x_wconf 85' lang='lat' dir='ltr'>rin</span> <span class='ocrx_word' id='word_1_101' title='bbox 183 1597 329 1667; x_wconf 81' lang='lat' dir='ltr'>remissio</span> <span class='ocrx_word' id='word_1_102' title='bbox 353 1605 474 1673; x_wconf 87' lang='lat' dir='ltr'>animi,</span> <span class='ocrx_word' id='word_1_103' title='bbox 504 1606 542 1665; x_wconf 71' lang='lat' dir='ltr'>zie</span> <span class='ocrx_word' id='word_1_104' title='bbox 568 1597 747 1663; x_wconf 83' lang='lat' dir='ltr'>dissolutio.</span> <span class='ocrx_word' id='word_1_105' title='bbox 792 1598 893 1670; x_wconf 77' lang='lat' dir='ltr'>Nulla</span> <span class='ocrx_word' id='word_1_106' title='bbox 906 1604 953 1669; x_wconf 86' lang='lat' dir='ltr'>elt</span> <span class='ocrx_word' id='word_1_107' title='bbox 972 1626 1132 1683; x_wconf 71' lang='lat' dir='ltr'>ameum</span> 
     </span>
    </p>

    <p class='ocr_par' dir='ltr' id='par_1_4' title="bbox 110 1700 1151 1889">
     <span class='ocr_line' id='line_1_14' title="bbox 110 1700 1151 1795; baseline 0.005 -26"><span class='ocrx_word' id='word_1_108' title='bbox 110 1726 211 1788; x_wconf 82' lang='lat' dir='ltr'>quam</span> <span class='ocrx_word' id='word_1_109' title='bbox 227 1701 392 1768; x_wconf 86' lang='lat' dir='ltr'>sententia</span> <span class='ocrx_word' id='word_1_110' title='bbox 407 1703 498 1769; x_wconf 82' lang='lat' dir='ltr'>dicta</span> <span class='ocrx_word' id='word_1_111' title='bbox 515 1706 551 1769; x_wconf 87' lang='lat' dir='ltr'>in</span> <span class='ocrx_word' id='word_1_112' title='bbox 566 1700 705 1766; x_wconf 83' lang='lat' dir='ltr'>fratrem</span> <span class='ocrx_word' id='word_1_113' title='bbox 722 1711 836 1782; x_wconf 81' lang='lat' dir='ltr'>tuum3</span> <span class='ocrx_word' id='word_1_114' title='bbox 863 1704 1151 1795; x_wconf 76' lang='lat' dir='ltr'>quotiescumqmj&#39;·</span> 
     </span>
     <span class='ocr_line' id='line_1_15' title="bbox 110 1798 1131 1889; baseline 0.003 -17"><span class='ocrx_word' id='word_1_115' title='bbox 110 1806 237 1889; x_wconf 83' lang='lat' dir='ltr'>aliquid</span> <span class='ocrx_word' id='word_1_116' title='bbox 253 1803 302 1869; x_wconf 87' lang='lat' dir='ltr'>est</span> <span class='ocrx_word' id='word_1_117' title='bbox 318 1817 449 1877; x_wconf 83' lang='lat' dir='ltr'>actum,</span> <span class='ocrx_word' id='word_1_118' title='bbox 473 1801 589 1867; x_wconf 81' lang='lat' dir='ltr'>sedens</span> <span class='ocrx_word' id='word_1_119' title='bbox 605 1807 648 1869; x_wconf 89' lang='lat' dir='ltr'>iis</span> <span class='ocrx_word' id='word_1_120' title='bbox 664 1798 786 1875; x_wconf 84' lang='lat' dir='ltr'>assenfi,</span> <span class='ocrx_word' id='word_1_121' title='bbox 808 1809 866 1889; x_wconf 82' lang='lat' dir='ltr'>qui</span> <span class='ocrx_word' id='word_1_122' title='bbox 883 1803 967 1873; x_wconf 86' lang='lat' dir='ltr'>mihi</span> <span class='ocrx_word' id='word_1_123' title='bbox 981 1806 1131 1881; x_wconf 54' lang='lat' dir='ltr'>lenissimi</span> 
     </span>
    </p>

    <p class='ocr_par' dir='ltr' id='par_1_5' title="bbox 110 1901 1150 2087">
     <span class='ocr_line' id='line_1_16' title="bbox 110 1901 1150 1999; baseline 0.001 -25"><span class='ocrx_word' id='word_1_124' title='bbox 110 1907 233 1974; x_wconf 81' lang='lat' dir='ltr'>sentire</span> <span class='ocrx_word' id='word_1_125' title='bbox 249 1904 304 1972; x_wconf 78' lang='lat' dir='ltr'>vill</span> <span class='ocrx_word' id='word_1_126' title='bbox 327 1905 412 1971; x_wconf 88' lang='lat' dir='ltr'>sunt.</span> <span class='ocrx_word' id='word_1_127' title='bbox 456 1901 594 1969; x_wconf 86' lang='lat' dir='ltr'><strong>Addam</strong></span> <span class='ocrx_word' id='word_1_128' title='bbox 609 1914 643 1967; x_wconf 90' lang='lat' dir='ltr'>et</span> <span class='ocrx_word' id='word_1_129' title='bbox 656 1902 740 1969; x_wconf 86' lang='lat' dir='ltr'>illud</span> <span class='ocrx_word' id='word_1_130' title='bbox 753 1909 872 1979; x_wconf 87' lang='lat' dir='ltr'>etiam,</span> <span class='ocrx_word' id='word_1_131' title='bbox 893 1906 983 1990; x_wconf 86' lang='lat' dir='ltr'>quod</span> <span class='ocrx_word' id='word_1_132' title='bbox 997 1914 1150 1999; x_wconf 57' lang='lat' dir='ltr'>iameffl</span> 
     </span>
     <span class='ocr_line' id='line_1_17' title="bbox 110 2000 1127 2087; baseline 0.002 -12"><span class='ocrx_word' id='word_1_133' title='bbox 110 2031 231 2075; x_wconf 84' lang='lat' dir='ltr'>curare</span> <span class='ocrx_word' id='word_1_134' title='bbox 250 2029 320 2073; x_wconf 91' lang='lat' dir='ltr'>non</span> <span class='ocrx_word' id='word_1_135' title='bbox 341 2008 460 2081; x_wconf 86' lang='lat' dir='ltr'>debui,</span> <span class='ocrx_word' id='word_1_136' title='bbox 494 2005 549 2069; x_wconf 87' lang='lat' dir='ltr'>sed</span> <span class='ocrx_word' id='word_1_137' title='bbox 569 2015 683 2071; x_wconf 87' lang='lat' dir='ltr'>tamen</span> <span class='ocrx_word' id='word_1_138' title='bbox 708 2000 781 2076; x_wconf 83' lang='lat' dir='ltr'>fieri</span> <span class='ocrx_word' id='word_1_139' title='bbox 809 2029 879 2073; x_wconf 87' lang='lat' dir='ltr'>non</span> <span class='ocrx_word' id='word_1_140' title='bbox 900 2007 1038 2074; x_wconf 83' lang='lat' dir='ltr'>moleste</span> <span class='ocrx_word' id='word_1_141' title='bbox 1058 2008 1127 2087; x_wconf 63' lang='lat' dir='ltr'>tulii</span> 
     </span>
    </p>

    <p class='ocr_par' dir='ltr' id='par_1_6' title="bbox 109 2103 1150 2293">
     <span class='ocr_line' id='line_1_18' title="bbox 109 2103 1150 2195; baseline 0.002 -20"><span class='ocrx_word' id='word_1_142' title='bbox 109 2123 210 2194; x_wconf 79' lang='lat' dir='ltr'>atque</span> <span class='ocrx_word' id='word_1_143' title='bbox 231 2114 350 2182; x_wconf 82' lang='lat' dir='ltr'>etiam,</span> <span class='ocrx_word' id='word_1_144' title='bbox 377 2119 416 2173; x_wconf 84' lang='lat' dir='ltr'>ut</span> <span class='ocrx_word' id='word_1_145' title='bbox 437 2114 483 2175; x_wconf 83' lang='lat' dir='ltr'>ita</span> <span class='ocrx_word' id='word_1_146' title='bbox 505 2103 619 2178; x_wconf 84' lang='lat' dir='ltr'>fieret,</span> <span class='ocrx_word' id='word_1_147' title='bbox 648 2128 711 2193; x_wconf 88' lang='lat' dir='ltr'>pro</span> <span class='ocrx_word' id='word_1_148' title='bbox 735 2129 808 2172; x_wconf 86' lang='lat' dir='ltr'>mea</span> <span class='ocrx_word' id='word_1_149' title='bbox 828 2123 924 2195; x_wconf 66' lang='lat' dir='ltr'>pane</span> <span class='ocrx_word' id='word_1_150' title='bbox 948 2109 1072 2178; x_wconf 83' lang='lat' dir='ltr'>adiuvi:</span> <span class='ocrx_word' id='word_1_151' title='bbox 1094 2118 1150 2177; x_wconf 68' lang='lat' dir='ltr'><strong>ut·-</strong></span> 
     </span>
     <span class='ocr_line' id='line_1_19' title="bbox 109 2209 1123 2293; baseline 0.002 -16"><span class='ocrx_word' id='word_1_152' title='bbox 109 2213 243 2277; x_wconf 85' lang='lat' dir='ltr'>senatus</span> <span class='ocrx_word' id='word_1_153' title='bbox 263 2209 414 2274; x_wconf 86' lang='lat' dir='ltr'>consulto</span> <span class='ocrx_word' id='word_1_154' title='bbox 431 2229 527 2273; x_wconf 88' lang='lat' dir='ltr'>meus</span> <span class='ocrx_word' id='word_1_155' title='bbox 544 2214 721 2282; x_wconf 86' lang='lat' dir='ltr'>inimicus,</span> <span class='ocrx_word' id='word_1_156' title='bbox 744 2216 820 2293; x_wconf 84' lang='lat' dir='ltr'>quia</span> <span class='ocrx_word' id='word_1_157' title='bbox 835 2224 913 2277; x_wconf 86' lang='lat' dir='ltr'><strong>tuus</strong></span> <span class='ocrx_word' id='word_1_158' title='bbox 937 2212 1042 2280; x_wconf 84' lang='lat' dir='ltr'>frater</span> <span class='ocrx_word' id='word_1_159' title='bbox 1056 2222 1123 2285; x_wconf 69' lang='lat' dir='ltr'>ervi,</span> 
     </span>
    </p>

    <p class='ocr_par' dir='ltr' id='par_1_7' title="bbox 110 2308 1123 2399">
     <span class='ocr_line' id='line_1_20' title="bbox 110 2308 1123 2399; baseline 0.004 -22"><span class='ocrx_word' id='word_1_160' title='bbox 110 2313 348 2379; x_wconf 77' lang='lat' dir='ltr'>sublevaretur.</span> <span class='ocrx_word' id='word_1_161' title='bbox 379 2308 492 2399; x_wconf 77' lang='lat' dir='ltr'>Quare</span> <span class='ocrx_word' id='word_1_162' title='bbox 509 2328 571 2396; x_wconf 82' lang='lat' dir='ltr'>ego</span> <span class='ocrx_word' id='word_1_163' title='bbox 587 2332 658 2374; x_wconf 91' lang='lat' dir='ltr'>non</span> <span class='ocrx_word' id='word_1_164' title='bbox 675 2317 864 2398; x_wconf 76' lang='lat' dir='ltr'>oppugnavi</span> <span class='ocrx_word' id='word_1_165' title='bbox 878 2313 1018 2379; x_wconf 83' lang='lat' dir='ltr'>fratrem</span> <span class='ocrx_word' id='word_1_166' title='bbox 1031 2328 1123 2387; x_wconf 67' lang='lat' dir='ltr'>tumne</span> 
     </span>
    </p>

    <p class='ocr_par' dir='ltr' id='par_1_8' title="bbox 108 2414 1150 2703">
     <span class='ocr_line' id='line_1_21' title="bbox 109 2414 1143 2503; baseline 0.005 -23"><span class='ocrx_word' id='word_1_167' title='bbox 109 2414 167 2480; x_wconf 79' lang='lat' dir='ltr'>secl</span> <span class='ocrx_word' id='word_1_168' title='bbox 185 2414 280 2477; x_wconf 81' lang='lat' dir='ltr'>fratri</span> <span class='ocrx_word' id='word_1_169' title='bbox 300 2425 359 2479; x_wconf 90' lang='lat' dir='ltr'>tuo</span> <span class='ocrx_word' id='word_1_170' title='bbox 374 2417 576 2497; x_wconf 82' lang='lat' dir='ltr'>repugnavi:</span> <span class='ocrx_word' id='word_1_171' title='bbox 612 2433 675 2475; x_wconf 90' lang='lat' dir='ltr'>nec</span> <span class='ocrx_word' id='word_1_172' title='bbox 692 2418 728 2477; x_wconf 85' lang='lat' dir='ltr'>in</span> <span class='ocrx_word' id='word_1_173' title='bbox 743 2424 794 2486; x_wconf 87' lang='lat' dir='ltr'>te,</span> <span class='ocrx_word' id='word_1_174' title='bbox 815 2427 854 2481; x_wconf 85' lang='lat' dir='ltr'>ut</span> <span class='ocrx_word' id='word_1_175' title='bbox 869 2414 1004 2492; x_wconf 85' lang='lat' dir='ltr'>scribis,</span> <span class='ocrx_word' id='word_1_176' title='bbox 1026 2422 1143 2503; x_wconf 46' lang='lat' dir='ltr'>anim,</span> 
     </span>
     <span class='ocr_line' id='line_1_22' title="bbox 110 2510 1150 2601; baseline 0 -22"><span class='ocrx_word' id='word_1_177' title='bbox 110 2516 160 2581; x_wconf 84' lang='lat' dir='ltr'>fui</span> <span class='ocrx_word' id='word_1_178' title='bbox 181 2514 314 2594; x_wconf 88' lang='lat' dir='ltr'>mobili;</span> <span class='ocrx_word' id='word_1_179' title='bbox 345 2512 399 2577; x_wconf 83' lang='lat' dir='ltr'>led</span> <span class='ocrx_word' id='word_1_180' title='bbox 414 2517 460 2576; x_wconf 86' lang='lat' dir='ltr'>ita</span> <span class='ocrx_word' id='word_1_181' title='bbox 474 2510 597 2585; x_wconf 80' lang='lat' dir='ltr'>stabili,</span> <span class='ocrx_word' id='word_1_182' title='bbox 620 2518 707 2581; x_wconf 89' lang='lat' dir='ltr'>utin</span> <span class='ocrx_word' id='word_1_183' title='bbox 722 2536 796 2581; x_wconf 82' lang='lat' dir='ltr'>mea</span> <span class='ocrx_word' id='word_1_184' title='bbox 811 2536 891 2601; x_wconf 84' lang='lat' dir='ltr'>erga</span> <span class='ocrx_word' id='word_1_185' title='bbox 906 2528 939 2578; x_wconf 91' lang='lat' dir='ltr'>te</span> <span class='ocrx_word' id='word_1_186' title='bbox 954 2517 1150 2593; x_wconf 47' lang='lat' dir='ltr'>voluntatis:</span> 
     </span>
     <span class='ocr_line' id='line_1_23' title="bbox 108 2609 1150 2703; baseline -0.003 -20"><span class='ocrx_word' id='word_1_187' title='bbox 108 2623 211 2683; x_wconf 82' lang='lat' dir='ltr'>etiam</span> <span class='ocrx_word' id='word_1_188' title='bbox 230 2615 380 2684; x_wconf 79' lang='lat' dir='ltr'>desertus</span> <span class='ocrx_word' id='word_1_189' title='bbox 397 2616 437 2681; x_wconf 82' lang='lat' dir='ltr'>ab</span> <span class='ocrx_word' id='word_1_190' title='bbox 451 2609 573 2680; x_wconf 82' lang='lat' dir='ltr'>officiis</span> <span class='ocrx_word' id='word_1_191' title='bbox 594 2619 680 2687; x_wconf 87' lang='lat' dir='ltr'>tuis,</span> <span class='ocrx_word' id='word_1_192' title='bbox 700 2636 944 2703; x_wconf 79' lang='lat' dir='ltr'>permanerem.</span> <span class='ocrx_word' id='word_1_193' title='bbox 1144 2612 1150 2641; x_wconf 87' lang='lat'>‘·</span> 
     </span>
    </p>
   </div>
   <div class='ocr_carea' id='block_1_3' title="bbox 93 2868 1149 4081">
    <p class='ocr_par' dir='ltr' id='par_1_9' title="bbox 93 2868 1149 4081">
     <span class='ocr_line' id='line_1_24' title="bbox 108 2868 1149 2991; baseline 0.001 -39"><span class='ocrx_word' id='word_1_194' title='bbox 108 2872 222 2963; x_wconf 78' lang='lat' dir='ltr'>secere,</span> <span class='ocrx_word' id='word_1_195' title='bbox 237 2909 302 2973; x_wconf 90' lang='lat' dir='ltr'>quo</span> <span class='ocrx_word' id='word_1_196' title='bbox 316 2886 467 2968; x_wconf 83' lang='lat' dir='ltr'>loquendi</span> <span class='ocrx_word' id='word_1_197' title='bbox 479 2906 596 2969; x_wconf 78' lang='lat' dir='ltr'>genere</span> <span class='ocrx_word' id='word_1_198' title='bbox 653 2889 701 2946; x_wconf 87' lang='lat' dir='ltr'>cui</span> <span class='ocrx_word' id='word_1_199' title='bbox 736 2886 848 2948; x_wconf 79' lang='lat' dir='ltr'>Caesar</span> <span class='ocrx_word' id='word_1_200' title='bbox 876 2906 1007 2970; x_wconf 78' lang='lat' dir='ltr'>praetor</span> <span class='ocrx_word' id='word_1_201' title='bbox 1039 2868 1149 2991; x_wconf 50' lang='lat' dir='ltr'>quq:</span> 
     </span>
     <span class='ocr_line' id='line_1_25' title="bbox 108 2969 1149 3057; baseline 0.003 -25"><span class='ocrx_word' id='word_1_202' title='bbox 108 2976 231 3048; x_wconf 82' lang='lat' dir='ltr'>Varro,</span> <span class='ocrx_word' id='word_1_203' title='bbox 264 2976 397 3043; x_wconf 77' lang='lat' dir='ltr'>Hirtius,</span> <span class='ocrx_word' id='word_1_204' title='bbox 428 2973 526 3030; x_wconf 82' lang='lat' dir='ltr'>Livius</span> <span class='ocrx_word' id='word_1_205' title='bbox 550 2969 595 3029; x_wconf 79' lang='lat' dir='ltr'>usi</span> <span class='ocrx_word' id='word_1_206' title='bbox 652 2990 746 3052; x_wconf 79' lang='lat' dir='ltr'>opem</span> <span class='ocrx_word' id='word_1_207' title='bbox 762 2976 873 3046; x_wconf 70' lang='lat' dir='ltr'>ferret,</span> <span class='ocrx_word' id='word_1_208' title='bbox 900 2974 1149 3057; x_wconf 60' lang='lat' dir='ltr'>utrumquedb&#39;</span> 
     </span>
     <span class='ocr_line' id='line_1_26' title="bbox 108 3054 1147 3138; baseline 0.001 -17"><span class='ocrx_word' id='word_1_209' title='bbox 108 3060 189 3130; x_wconf 80' lang='lat' dir='ltr'>l&#39;unt,</span> <span class='ocrx_word' id='word_1_210' title='bbox 205 3057 324 3120; x_wconf 81' lang='lat' dir='ltr'>eslcum</span> <span class='ocrx_word' id='word_1_211' title='bbox 335 3063 454 3138; x_wconf 86' lang='lat' dir='ltr'>impetu</span> <span class='ocrx_word' id='word_1_212' title='bbox 466 3061 593 3116; x_wconf 85' lang='lat' dir='ltr'>irruere.</span> <span class='ocrx_word' id='word_1_213' title='bbox 652 3074 739 3117; x_wconf 80' lang='lat' dir='ltr'>creto</span> <span class='ocrx_word' id='word_1_214' title='bbox 759 3075 889 3135; x_wconf 81' lang='lat' dir='ltr'>patrum·</span> <span class='ocrx_word' id='word_1_215' title='bbox 901 3054 1122 3123; x_wconf 64' lang='lat' dir='ltr'>administrandi</span> <span class='ocrx_word' id='word_1_216' title='bbox 1137 3096 1147 3105; x_wconf 91' lang='lat'><em>-</em></span> 
     </span>
     <span class='ocr_line' id='line_1_27' title="bbox 109 3141 1149 3221; baseline 0 -16"><span class='ocrx_word' id='word_1_217' title='bbox 109 3141 230 3205; x_wconf 62' lang='lat' dir='ltr'>Manum</span> <span class='ocrx_word' id='word_1_218' title='bbox 650 3163 690 3202; x_wconf 88' lang='lat' dir='ltr'>ne</span> <span class='ocrx_word' id='word_1_219' title='bbox 711 3146 756 3202; x_wconf 86' lang='lat' dir='ltr'>rei</span> <span class='ocrx_word' id='word_1_220' title='bbox 778 3146 922 3221; x_wconf 76' lang='lat' dir='ltr'>publicae</span> <span class='ocrx_word' id='word_1_221' title='bbox 944 3148 1121 3208; x_wconf 69' lang='lat' dir='ltr'>summoto!</span> <span class='ocrx_word' id='word_1_222' title='bbox 1144 3176 1149 3189; x_wconf 55' lang='grc' dir='ltr'><strong><em>ι</em></strong></span> 
     </span>
     <span class='ocr_line' id='line_1_28' title="bbox 107 3221 1149 3310; baseline 0.005 -24"><span class='ocrx_word' id='word_1_223' title='bbox 107 3260 111 3266; x_wconf 90' lang='grc'><em>·</em></span> <span class='ocrx_word' id='word_1_224' title='bbox 150 3226 329 3310; x_wconf 77' lang='lat' dir='ltr'>restitiffem]</span> <span class='ocrx_word' id='word_1_225' title='bbox 374 3221 594 3284; x_wconf 79' lang='lat' dir='ltr'>acerrimedis·</span> <span class='ocrx_word' id='word_1_226' title='bbox 650 3229 817 3287; x_wconf 85' lang='lat' dir='ltr'>Suetonius</span> <span class='ocrx_word' id='word_1_227' title='bbox 829 3235 859 3288; x_wconf 90' lang='lat' dir='ltr'>in</span> <span class='ocrx_word' id='word_1_228' title='bbox 875 3231 954 3292; x_wconf 88' lang='lat' dir='ltr'>lulio</span> <span class='ocrx_word' id='word_1_229' title='bbox 970 3252 995 3293; x_wconf 84' lang='lat' dir='ltr'>c.</span> <span class='ocrx_word' id='word_1_230' title='bbox 1008 3232 1149 3293; x_wconf 62' lang='lat' dir='ltr'>fimum*</span> 
     </span>
     <span class='ocr_line' id='line_1_29' title="bbox 107 3308 1122 3396; baseline 0 -23"><span class='ocrx_word' id='word_1_231' title='bbox 107 3318 260 3396; x_wconf 78' lang='lat' dir='ltr'>putando.</span> <span class='ocrx_word' id='word_1_232' title='bbox 279 3308 402 3389; x_wconf 79' lang='lat' dir='ltr'>Scripsit</span> <span class='ocrx_word' id='word_1_233' title='bbox 417 3314 507 3367; x_wconf 80' lang='lat' dir='ltr'>etiem</span> <span class='ocrx_word' id='word_1_234' title='bbox 518 3328 592 3367; x_wconf 88' lang='lat' dir='ltr'>con·</span> <span class='ocrx_word' id='word_1_235' title='bbox 648 3328 704 3372; x_wconf 83' lang='lat' dir='ltr'>ret.</span> <span class='ocrx_word' id='word_1_236' title='bbox 721 3313 890 3392; x_wconf 74' lang='lat' dir='ltr'>Propterea</span> <span class='ocrx_word' id='word_1_237' title='bbox 902 3314 1122 3396; x_wconf 79' lang='lat' dir='ltr'>scripseretMe·</span> 
     </span>
     <span class='ocr_line' id='line_1_30' title="bbox 106 3390 1148 3473; baseline -0.002 -13"><span class='ocrx_word' id='word_1_238' title='bbox 106 3419 154 3461; x_wconf 79' lang='lat' dir='ltr'>tre</span> <span class='ocrx_word' id='word_1_239' title='bbox 168 3398 285 3458; x_wconf 82' lang='lat' dir='ltr'>Metelli</span> <span class='ocrx_word' id='word_1_240' title='bbox 300 3401 494 3464; x_wconf 84' lang='lat' dir='ltr'>concionem,</span> <span class='ocrx_word' id='word_1_241' title='bbox 507 3390 592 3453; x_wconf 82' lang='lat' dir='ltr'>utest</span> <span class='ocrx_word' id='word_1_242' title='bbox 648 3397 738 3456; x_wconf 73' lang='lat' dir='ltr'>tellus</span> <span class='ocrx_word' id='word_1_243' title='bbox 752 3399 859 3469; x_wconf 89' lang='lat' dir='ltr'>Celer,</span> <span class='ocrx_word' id='word_1_244' title='bbox 888 3401 1051 3462; x_wconf 83' lang='lat' dir='ltr'>Metellum</span> <span class='ocrx_word' id='word_1_245' title='bbox 1060 3397 1122 3473; x_wconf 74' lang='lat' dir='ltr'>fre·</span> <span class='ocrx_word' id='word_1_246' title='bbox 1135 3412 1148 3443; x_wconf 73' lang='lat'>&#39;1</span> 
     </span>
     <span class='ocr_line' id='line_1_31' title="bbox 106 3478 1148 3560; baseline -0.003 -14"><span class='ocrx_word' id='word_1_247' title='bbox 106 3485 160 3546; x_wconf 86' lang='lat' dir='ltr'>lib.</span> <span class='ocrx_word' id='word_1_248' title='bbox 177 3487 199 3544; x_wconf 83' lang='lat' dir='ltr'>l.</span> <span class='ocrx_word' id='word_1_249' title='bbox 223 3484 263 3542; x_wconf 85' lang='lat' dir='ltr'>ed</span> <span class='ocrx_word' id='word_1_250' title='bbox 281 3487 339 3541; x_wconf 77' lang='lat' dir='ltr'>Ait.</span> <span class='ocrx_word' id='word_1_251' title='bbox 366 3501 414 3560; x_wconf 88' lang='lat' dir='ltr'>ep.</span> <span class='ocrx_word' id='word_1_252' title='bbox 441 3492 485 3550; x_wconf 81' lang='lat'>13.</span> <span class='ocrx_word' id='word_1_253' title='bbox 508 3495 538 3538; x_wconf 80' lang='lat' dir='ltr'>et</span> <span class='ocrx_word' id='word_1_254' title='bbox 559 3483 590 3540; x_wconf 87' lang='lat' dir='ltr'>in</span> <span class='ocrx_word' id='word_1_255' title='bbox 647 3493 724 3539; x_wconf 77' lang='lat' dir='ltr'>trem</span> <span class='ocrx_word' id='word_1_256' title='bbox 754 3487 787 3539; x_wconf 84' lang='lat' dir='ltr'>ob</span> <span class='ocrx_word' id='word_1_257' title='bbox 814 3485 942 3558; x_wconf 82' lang='lat' dir='ltr'>dictum,</span> <span class='ocrx_word' id='word_1_258' title='bbox 972 3488 1068 3560; x_wconf 78' lang='lat' dir='ltr'>capite</span> <span class='ocrx_word' id='word_1_259' title='bbox 1092 3478 1148 3551; x_wconf 71' lang='grc' dir='ltr'>11,Ι</span> 
     </span>
     <span class='ocr_line' id='line_1_32' title="bbox 108 3557 1148 3649; baseline 0.004 -22"><span class='ocrx_word' id='word_1_260' title='bbox 108 3569 213 3631; x_wconf 89' lang='lat' dir='ltr'>Gellio</span> <span class='ocrx_word' id='word_1_261' title='bbox 229 3568 280 3626; x_wconf 91' lang='lat' dir='ltr'>lib.</span> <span class='ocrx_word' id='word_1_262' title='bbox 300 3579 345 3635; x_wconf 64' lang='grc' dir='ltr'>ιδ.</span> <span class='ocrx_word' id='word_1_263' title='bbox 363 3586 388 3623; x_wconf 91' lang='lat' dir='ltr'>c.</span> <span class='ocrx_word' id='word_1_264' title='bbox 400 3584 426 3642; x_wconf 90' lang='lat'>7.</span> <span class='ocrx_word' id='word_1_265' title='bbox 450 3557 567 3624; x_wconf 77' lang='lat' dir='ltr'>Manat.</span> <span class='ocrx_word' id='word_1_266' title='bbox 639 3567 776 3638; x_wconf 70' lang='lat' dir='ltr'>fortunis</span> <span class='ocrx_word' id='word_1_267' title='bbox 796 3589 852 3643; x_wconf 81' lang='lat' dir='ltr'>per</span> <span class='ocrx_word' id='word_1_268' title='bbox 877 3565 906 3628; x_wconf 75' lang='lat' dir='ltr'>le</span> <span class='ocrx_word' id='word_1_269' title='bbox 928 3574 1148 3649; x_wconf 60' lang='lat' dir='ltr'>oppugnata}</span> 
     </span>
     <span class='ocr_line' id='line_1_33' title="bbox 93 3635 1148 3739; baseline 0.001 -28"><span class='ocrx_word' id='word_1_270' title='bbox 93 3635 99 3647; x_wconf 46' lang='lat'><strong><em>⁴</em></strong></span> <span class='ocrx_word' id='word_1_271' title='bbox 148 3651 287 3728; x_wconf 65' lang='lat' dir='ltr'>lenissime</span> <span class='ocrx_word' id='word_1_272' title='bbox 304 3653 416 3727; x_wconf 73' lang='lat' dir='ltr'>sentire</span> <span class='ocrx_word' id='word_1_273' title='bbox 431 3646 484 3718; x_wconf 77' lang='lat' dir='ltr'>vifi</span> <span class='ocrx_word' id='word_1_274' title='bbox 497 3647 588 3733; x_wconf 82' lang='lat' dir='ltr'>funt]</span> <span class='ocrx_word' id='word_1_275' title='bbox 647 3654 695 3713; x_wconf 74' lang='lat' dir='ltr'>iri.</span> <span class='ocrx_word' id='word_1_276' title='bbox 713 3688 752 3701; x_wconf 90' lang='lat'>--</span> <span class='ocrx_word' id='word_1_277' title='bbox 784 3649 906 3725; x_wconf 70' lang='lat' dir='ltr'>Manut-</span> <span class='ocrx_word' id='word_1_278' title='bbox 1141 3668 1148 3739; x_wconf 64' lang='lat' dir='ltr'>j</span> 
     </span>
     <span class='ocr_line' id='line_1_34' title="bbox 107 3733 1148 3823; baseline 0.001 -24"><span class='ocrx_word' id='word_1_279' title='bbox 107 3742 215 3822; x_wconf 86' lang='lat' dir='ltr'>Quum</span> <span class='ocrx_word' id='word_1_280' title='bbox 231 3752 374 3821; x_wconf 78' lang='lat' dir='ltr'>ageretur</span> <span class='ocrx_word' id='word_1_281' title='bbox 387 3741 418 3794; x_wconf 87' lang='lat' dir='ltr'>in</span> <span class='ocrx_word' id='word_1_282' title='bbox 431 3733 534 3794; x_wconf 77' lang='lat' dir='ltr'>senatu</span> <span class='ocrx_word' id='word_1_283' title='bbox 548 3738 589 3793; x_wconf 86' lang='lat' dir='ltr'>de</span> <span class='ocrx_word' id='word_1_284' title='bbox 688 3758 779 3815; x_wconf 84' lang='lat' dir='ltr'><strong><em>quare</em></strong></span> <span class='ocrx_word' id='word_1_285' title='bbox 804 3760 861 3816; x_wconf 83' lang='lat' dir='ltr'>ego</span> <span class='ocrx_word' id='word_1_286' title='bbox 891 3736 972 3823; x_wconf 84' lang='lat' dir='ltr'>non]</span> <span class='ocrx_word' id='word_1_287' title='bbox 1022 3737 1148 3823; x_wconf 65' lang='lat' dir='ltr'>Vulgo·</span> 
     </span>
     <span class='ocr_line' id='line_1_35' title="bbox 106 3819 1124 3904; baseline 0 -18"><span class='ocrx_word' id='word_1_288' title='bbox 106 3824 239 3886; x_wconf 87' lang='lat' dir='ltr'>Metello</span> <span class='ocrx_word' id='word_1_289' title='bbox 249 3826 375 3902; x_wconf 83' lang='lat' dir='ltr'>Nepote</span> <span class='ocrx_word' id='word_1_290' title='bbox 390 3820 514 3881; x_wconf 89' lang='lat' dir='ltr'>tribuno</span> <span class='ocrx_word' id='word_1_291' title='bbox 522 3819 589 3899; x_wconf 87' lang='lat' dir='ltr'>ple·</span> <span class='ocrx_word' id='word_1_292' title='bbox 645 3842 740 3904; x_wconf 77' lang='lat' dir='ltr'>quare</span> <span class='ocrx_word' id='word_1_293' title='bbox 755 3844 811 3881; x_wconf 79' lang='lat' dir='ltr'>non</span> <span class='ocrx_word' id='word_1_294' title='bbox 828 3844 883 3902; x_wconf 82' lang='lat' dir='ltr'>ego</span> <span class='ocrx_word' id='word_1_295' title='bbox 895 3828 1124 3886; x_wconf 72' lang='lat' dir='ltr'>minueconcin·</span> 
     </span>
     <span class='ocr_line' id='line_1_36' title="bbox 104 3904 1125 3990; baseline -0.003 -19"><span class='ocrx_word' id='word_1_296' title='bbox 104 3909 152 3971; x_wconf 81' lang='lat' dir='ltr'>bie</span> <span class='ocrx_word' id='word_1_297' title='bbox 182 3910 359 3990; x_wconf 78' lang='lat' dir='ltr'>puniend03</span> <span class='ocrx_word' id='word_1_298' title='bbox 399 3910 472 3988; x_wconf 80' lang='lat' dir='ltr'>quia</span> <span class='ocrx_word' id='word_1_299' title='bbox 504 3904 587 3987; x_wconf 76' lang='lat' dir='ltr'>leges</span> <span class='ocrx_word' id='word_1_300' title='bbox 644 3906 1125 3969; x_wconf 65' lang='lat' dir='ltr'>nivernorumstrucmn.n10</span> 
     </span>
     <span class='ocr_line' id='line_1_37' title="bbox 104 3989 1124 4081; baseline -0.001 -25"><span class='ocrx_word' id='word_1_301' title='bbox 104 3991 304 4076; x_wconf 78' lang='lat' dir='ltr'>iniquissimae</span> <span class='ocrx_word' id='word_1_302' title='bbox 331 3989 471 4050; x_wconf 79' lang='lat' dir='ltr'>adversus</span> <span class='ocrx_word' id='word_1_303' title='bbox 494 3989 589 4048; x_wconf 83' lang='lat' dir='ltr'>colle·</span> <span class='ocrx_word' id='word_1_304' title='bbox 644 3991 756 4051; x_wconf 85' lang='lat' dir='ltr'>liorem</span> <span class='ocrx_word' id='word_1_305' title='bbox 766 3994 1124 4081; x_wconf 67' lang='lat' dir='ltr'>praeivitMertyni·Lv</span> 
     </span>
    </p>
   </div>
   <div class='ocr_carea' id='block_1_4' title="bbox 105 4074 739 4165">
    <p class='ocr_par' dir='ltr' id='par_1_10' title="bbox 105 4074 739 4165">
     <span class='ocr_line' id='line_1_38' title="bbox 105 4074 739 4165; baseline -0.002 -25"><span class='ocrx_word' id='word_1_306' title='bbox 105 4099 215 4165; x_wconf 77' lang='lat' dir='ltr'>gerum</span> <span class='ocrx_word' id='word_1_307' title='bbox 230 4074 473 4141; x_wconf 69' lang='lat' dir='ltr'>intercessionem</span> <span class='ocrx_word' id='word_1_308' title='bbox 483 4075 589 4146; x_wconf 77' lang='lat' dir='ltr'>ferret,</span> <span class='ocrx_word' id='word_1_309' title='bbox 645 4095 739 4160; x_wconf 72' lang='lat' dir='ltr'>guno.</span> 
     </span>
    </p>
   </div>
   <div class='ocr_carea' id='block_1_5' title="bbox 0 0 1258 4808">
    <p class='ocr_par' dir='ltr' id='par_1_11' title="bbox 0 0 1258 4808">
     <span class='ocr_line' id='line_1_39' title="bbox 0 0 1258 4808; baseline 0 1"><span class='ocrx_word' id='word_1_310' title='bbox 0 0 1258 4808; x_wconf 95' lang='lat' dir='ltr'> </span> 
     </span>
    </p>
   </div>
  </div>
 </body>
</html>
