2506 4808
174 336 222 383 ao
424 370 429 381 .
487 303 775 377 EPISTOLA
816 307 893 379 IX.
970 374 975 382 .

176 500 238 578 ses
254 511 290 566 te
304 495 484 583 aliquando
502 501 570 562 iam
594 519 669 563 rem
682 504 884 588 transigere.
927 495 1008 563 Mea
1024 497 1223 577 intercessio

177 615 295 691 parata
309 613 344 665 et
363 599 428 674 eit,
458 612 494 664 et
514 601 590 665 fuit
1210 640 1220 667 ,-

148 725 169 771 2
186 760 189 765 .
263 700 338 766 Nos
353 696 410 765 hic
423 701 616 769 incredibili
630 723 668 767 ac
687 699 842 791 fingulari
854 701 972 792 populi
988 698 1164 775 voluntate,
1175 692 1237 771 ἀρ’

178 805 219 873 C.
239 803 362 871 Macro
389 809 633 892 transegimus.
685 804 750 870 Cui
775 827 879 888 quum
905 811 1001 888 aequi
1025 799 1222 885 fullamma

178 920 294 972 tamen
307 901 415 967 multo
431 910 595 969 maiorem
612 905 761 969 fructum
774 927 816 969 ex
825 904 943 993 populi
957 904 1220 989 existimatione,

177 1007 237 1074 illo
257 1006 435 1087 danmato,
461 1012 633 1094 cepimus,
664 1026 765 1089 quam
787 1031 831 1073 ex
853 1006 972 1095 ipsius,
1000 1004 1023 1071 fi
1045 1006 1217 1079 absolutus

179 1110 278 1185 esset,
306 1114 413 1197 gratia
436 1107 648 1196 cepissemus.

148 1220 170 1287 3
265 1210 368 1303 Quod
386 1211 427 1274 ad
441 1233 496 1275 me
513 1210 556 1274 de
569 1203 804 1283 Hermathena
818 1207 948 1287 scribis,
970 1222 1033 1300 pet
1045 1209 1131 1283 mihi
1146 1234 1219 1300 gra·

179 1331 251 1383 tum
270 1312 334 1395 est;
365 1326 399 1377 et
421 1322 661 1377 ornamentum
682 1307 888 1377 Academiae
901 1318 1088 1401 ¹proprium
1111 1334 1229 1389 meae.
1252 1387 1253 1390 Ἴ

179 1414 271 1503 quod
287 1427 322 1478 et
334 1413 481 1480 Hermes
499 1430 682 1478 commune
697 1418 867 1488 omnium,
891 1424 926 1478 et
941 1415 1095 1480 Minerva
1111 1411 1217 1504 fingu-

176 1519 249 1586 lare
264 1517 313 1591 est
328 1513 457 1603 infigne
474 1523 546 1582 eius
565 1507 736 1605 gynrnafii.
772 1511 885 1603 Quare
900 1514 1011 1589 velim,
1031 1527 1069 1580 ut
1083 1514 1216 1591 scribis,

179 1626 303 1688 ceteris
320 1640 455 1702 quoque
471 1620 573 1691 rebus
591 1611 859 1699 quamplurimis
877 1635 954 1681 eum
968 1617 1084 1682 locum
1099 1636 1215 1709 ornes.

178 1723 276 1817 Quae
299 1718 389 1786 mihi·
407 1728 505 1783 antea
529 1715 620 1809 signa
641 1708 769 1788 misisti,
808 1737 847 1781 ea
867 1710 1023 1783 nondum
1046 1718 1126 1784 vidi.
1175 1704 1216 1785 Ili

176 1824 359 1891 Formiano
387 1819 480 1902 suut3
511 1841 577 1903 quo
607 1839 671 1905 ego
699 1840 791 1882 nunc
815 1815 983 1905 proficisci
1006 1810 1215 1908 ¹cogitabam.¹

176 1927 239 1994 Illa
266 1928 383 1992 omnia
410 1928 448 1987 in
477 1910 709 1986 Tusculanum
740 1906 939 2008 deportabo.
990 1919 1164 2000 Caietam,
1193 1920 1215 1987 li

220 2301 250 2345 2.
270 2284 308 2342 de
324 2274 362 2337 C.
386 2273 498 2336 Macro
521 2285 667 2360 transegi.
723 2297 781 2342 rat.
801 2278 853 2345 lib.
866 2280 890 2342 1.
920 2280 960 2342 de
981 2282 1117 2345 Divinat.
1144 2296 1211 2361 es.

175 2366 255 2450 mus]
286 2368 339 2427 De
355 2364 391 2426 C.
406 2367 524 2427 Licinio
541 2366 665 2439 Macro,
723 2366 842 2427 Habuit
869 2383 900 2426 et
923 2366 1062 2428 Puteolis
1091 2368 1213 2433 Acade·

175 2473 273 2536 quam
301 2449 549 2532 repetundarum
576 2472 665 2512 reum
721 2457 825 2512 mium.
850 2452 926 2514 Plin.
940 2453 994 2514 lib.
1004 2455 1123 2514 xxxi.
1139 2470 1212 2517 ω’.

175 2540 290 2600 Cicero
330 2550 461 2614 praetor
508 2536 666 2599 damnavit
727 2533 856 2595 Corrad.
965 2580 968 2587 .
1199 2572 1203 2581 ·

174 2621 275 2705 paule
300 2619 437 2681 diversae
459 2618 528 2681 sunt
548 2623 666 2683 Valerii
763 2642 917 2682 commune
946 2621 1097 2703 ninnium]
1145 2626 1211 2707 Ap.

174 2709 307 2773 Maximi
328 2721 360 2766 et
375 2704 531 2766 Plutarchi
549 2712 581 2769 ia
603 2714 663 2768 vite
720 2723 812 2789 paret
825 2706 945 2789 exlege
960 2707 1097 2779 Solonis,
1115 2729 1209 2790 quam

176 2792 339 2855 Ciceronis
361 2794 573 2866 narrationes,
608 2791 664 2854 etii
720 2793 843 2873 profert
873 2797 903 2852 iu
930 2790 1120 2853 Timarchen
1149 2796 1210 2853 Ae·

173 2893 312 2959 uterque
332 2874 429 2938 tradit
449 2897 539 2951 enm,
572 2878 664 2959 quod
719 2875 835 2937 iclrines
849 2880 880 2937 in
896 2876 1207 2956 omnibuspaleeslrii

174 2962 232 3024 illo
252 2961 370 3023 iudicio
392 2960 554 3022 damnetur
577 2960 662 3034 esset,
721 2964 912 3023 Mercurium
927 2966 968 3020 itu
983 2961 1207 3037 cultumsuilse,

106 3042 108 3048 ¹
174 3045 372 3108 fibimortem
383 3043 564 3109 conscivisse.
575 3048 662 3128 Que-
720 3063 755 3107 ut
778 3051 810 3107 in
831 3044 1040 3114 itinerarium
1062 3048 1207 3109 coleban-

173 3131 212 3194 lia
234 3131 590 3199 oratorsueriticicero
611 3152 661 3193 ex·
718 3130 896 3194 tnrMusne.
916 3135 1057 3211 Apparet
1071 3133 1155 3192 idem
1170 3154 1206 3195 ex

173 3219 267 3300 ponit
280 3217 379 3276 Bruto
398 3237 424 3275 c.
438 3218 490 3294 67.
719 3217 860 3278 Platone.
876 3219 1140 3276 Mercuriusenim
1150 3239 1206 3298 pa·

217 3304 270 3361 cui*
281 3322 369 3381 quum
384 3303 475 3382 aequi
482 3299 659 3386 fuissemus]
717 3301 865 3367 laestrem.
880 3306 1049 3363 invenerat.
1082 3299 1204 3380 Casani.

172 3386 265 3449 Hunc
280 3390 469 3467 nequitatem
485 3388 596 3448 Cicero
613 3389 661 3449 vel
760 3401 790 3447 et
801 3382 1114 3473 Miner-uafiagulare]
1126 3388 1203 3467 [dep

68 3488 70 3493 ’
172 3475 206 3532 in
226 3471 282 3535 lita
303 3469 512 3544 aestimanda,
542 3473 592 3533 vel
619 3495 658 3535 eo
716 3477 882 3556 proprium
897 3477 939 3533 eit
953 3470 1205 3565 luigymuafii'e}
1238 3550 1241 3555 Ι

173 3577 305 3639 quoque
333 3554 546 3617 demonstrare
567 3574 659 3638 pote-
715 3556 884 3640 l'e‘figuum
905 3558 1099 3629 Minervam,
1122 3561 1206 3659 ,φ’δι
1230 3565 1252 3593 ·’

170 3657 238 3713 ret,
261 3642 350 3727 quod
365 3660 432 3702 non
447 3647 552 3702 omnia
568 3665 656 3703 accu-
715 3664 780 3703 non
798 3643 901 3701 utalia
919 3638 1205 3721 tricorporiseter·

167 3724 296 3801 sationis
323 3742 483 3788 momente
504 3727 657 3789 acerbiffi·
713 3731 893 3789 citationem
908 3728 941 3789 id
959 3718 1204 3807 pertineetj'sed
1226 3770 1231 3783 .

168 3832 221 3875 me
246 3816 391 3893 exigeret.
713 3814 869 3884 adenimi‚
890 3829 921 3873 et
936 3810 1081 3873 adlludia
1101 3808 1204 3891 litem}
1240 3838 1243 3843 ·

207 3893 654 3981 3.Acaderniae]Gymnefiiin-
711 3920 792 3959 rum.
846 3894 966 3973 casaub.
1119 3958 1122 3963 ,
1187 3950 1192 3971 ,

166 3979 653 4061 ἱοήοῐίεἱμΤυΓειιΙεηο.ΤυΓο.ΙΙ.
760 3979 910 4060 Caietam]
932 3976 1204 4063 villamquemltf·
1248 3995 1252 4010 ⁵

164 4064 248 4126 Natu
263 4066 400 4149 superius
411 4069 545 4151 Lyceum
564 4089 655 4141 voca·
712 4065 809 4129 bebai
829 4072 958 4155 integro
976 4066 1142 4159 Caietano.
1175 4066 1192 4159 ¹.-
1248 4091 1250 4094 ’
