2506 4808
104 308 148 422 si
395 336 685 407 erisronn
726 336 844 407 xxi.

109 554 149 597 oo
170 552 280 615 neque
304 533 523 601 auctoritate,
540 549 661 611 ,neque
684 533 791 616 gratia
811 539 961 614 pugnat,
989 525 1052 593 sed

108 637 172 699 bus
188 631 364 718 Philippus
389 634 502 693 omnia
517 627 648 693 castella
670 634 857 716 expugnari
875 628 968 716 posse
991 630 1071 695 dioe

108 741 143 802 in
166 755 250 818 qnae
272 731 377 796 modo
401 729 518 795 asellus
541 728 679 794 onustus
708 751 791 793 auro
814 729 923 818 pollet
952 728 1071 796 ascenc

111 833 235 899 Consul
252 845 365 898 autem
381 831 454 904 ille,
476 830 679 897 Doterionis
695 828 868 896 histrionis
889 828 1026 906 similis,
1048 832 1071 899 fr

108 931 190 1022 pisse
206 940 385 1023 negotium
399 934 534 1006 dicitur,
551 946 586 997 et
599 933 694 997 domi
707 931 869 999 divisores
885 930 1033 997 habere:
1058 956 1071 1018 a

110 1058 175 1124 ogo
199 1059 270 1101 non
292 1034 409 1099 oredo·
455 1029 525 1100 Sed
547 1032 679 1099 senatus
702 1031 852 1099 consulta
874 1034 942 1097 duo
967 1040 1039 1100 iam
1063 1042 1071 1102 i

111 1136 187 1204 sunt
210 1135 339 1212 odiosa,
372 1156 456 1219 quae
479 1139 517 1200 in
538 1133 710 1201 consulein
734 1133 825 1200 facta
842 1146 1027 1224 putantur,
1050 1136 1071 1205 (

111 1375 194 1439 'Vide
216 1374 271 1437 lib.
294 1376 348 1440 111.
368 1376 444 1436 Ver.
466 1373 550 1437 Lect.
573 1397 600 1436 c.
656 1375 753 1436 sulem
802 1375 965 1436 Afranium
1020 1398 1071 1439 cre

111 1463 166 1523 ult.
210 1462 270 1522 Cui
284 1482 351 1523 non
367 1457 524 1522 subscribit
541 1460 602 1522 Ca·
658 1457 779 1519 Manui.
803 1455 854 1519 Est
870 1458 932 1522 hoc
946 1480 1068 1524 nomen

110 1545 286 1618 sanbonur,
325 1551 379 1627 qui
401 1545 473 1605 Auli
505 1543 601 1604 filium
657 1565 733 1606 num
760 1545 912 1618 invidiae,
942 1550 1043 1609 immo
1061 1558 1071 1620 ’1

112 1651 185 1693 eum
213 1635 318 1692 vocari
339 1629 520 1702 contendit,
552 1629 601 1691 vel
657 1635 751 1699 miae,
767 1630 1068 1714 etintergraviffima

112 1716 228 1777 vitandi
242 1719 376 1777 nominis
393 1718 516 1795 proprii
530 1736 601 1775 cau·
658 1720 730 1776 vitia
745 1719 883 1796 ponitur.
925 1717 1071 1796 siculo

112 1800 154 1875 sa,
176 1798 200 1860 sr
216 1803 299 1860 sorra
314 1804 346 1860 in
362 1799 476 1860 alienor
492 1808 613 1860 manua
658 1802 747 1860 Verr.
764 1803 807 1859 ait
824 1819 896 1858 eum
913 1801 1036 1863 iniuria
1052 1822 1071 1865 a

113 1883 173 1948 hac
208 1890 350 1950 venirent
380 1884 506 1957 literae,
552 1884 602 1946 vel
659 1883 764 1946 visoria
791 1881 949 1963 disciplina
970 1885 1069 1948 educa

114 1973 310 2032 Graecorum
326 1973 510 2030 imitatione.
543 1970 603 2030 So·
659 1970 783 2030 Horum
808 1966 881 2027 fidei
904 1967 1027 2031 solebat
1053 1994 1071 2053 p

113 2055 180 2117 lent
201 2056 244 2115 illi
267 2056 281 2113 i
302 2052 466 2138 Ἀρίστωνος
487 2053 603 2128 dicere,
659 2058 711 2116 nia
727 2057 880 2114 committi
895 2053 934 2115 ab
952 2075 1005 2130 eo,
1026 2062 1071 2138 qni

114 2161 175 2223 pro
207 2140 349 2214 nidi-oi,
384 2154 416 2200 et
450 2135 605 2222 ὅόλὸρου
662 2139 1071 2221 quidameratapopulo.s

114 2245 177 2308 pro
202 2223 384 2296 Θουκυδίδης.
432 2219 543 2283 Gracc.
660 2244 696 2284 ra
720 2228 812 2286 otiam
835 2227 867 2283 in
882 2221 941 2284 hoa
960 2223 1071 2305 saepe:

162 2304 220 2367 Sed
240 2307 365 2454 quibusg
411 2305 472 2370 scil.
495 2305 605 2369 inlim-
662 2313 708 2369 cia
724 2305 812 2370 suillo
827 2306 991 2370 constituta
1007 2332 1071 2393 app¹

116 2400 227 2457 mentia
248 2395 297 2455 vel
313 2392 343 2454 su
366 2390 457 2454 fidiis.
661 2392 711 2456 vel
732 2414 768 2454 ex
786 2394 873 2452 Orat.
892 2415 950 2472 pro
971 2397 1006 2456 1..
1022 2398 1071 2456 Mt

159 2482 262 2556 asellus
276 2481 392 2556 onustus
407 2477 503 2561 auro]
534 2474 606 2538 Plu·
660 2497 712 2540 na.
763 2475 901 2538 Celebris
926 2478 1003 2539 olim
1027 2481 1071 2542 Ro

116 2564 214 2626 tarch.
250 2561 484 2648 Apophthegm.
525 2562 604 2644 Reg.
661 2563 826 2622 Nummius
846 2562 985 2636 Divisor3
1006 2570 1071 2647 inq

116 2651 219 2732 (opp.
235 2649 422 2713 TomVlll.
438 2670 470 2730 p.
487 2647 538 2728 96.
554 2647 604 2709 ed.
662 2662 746 2708 extat
766 2649 854 2708 iocus
870 2651 902 2708 in
919 2649 983 2712 Cic,
1001 2650 1042 2711 de
1058 2654 1071 2711 (

117 2737 264 2814 Horten.)
621 2791 625 2798 ,
661 2731 769 2792 lib.ll.
787 2733 1071 2814 63.utNeoptoler

163 2817 339 2882 Deterionis
356 2819 505 2893 histrionis
517 2817 604 2893 simi·
663 2817 705 2878 ad
716 2818 846 2877 Troiam
860 2815 900 2878 fic·
914 2817 1001 2878 illum
1020 2827 1071 2882 int

118 2905 178 3048 usi]
220 2904 361 2967 Pisonem
382 2900 544 2985 significat,
573 2916 606 2962 at
662 2923 707 2984 po
721 2903 841 2966 Martio
861 2923 981 2964 nornen
994 2909 1071 2967 invoa

118 3009 153 3051 re
167 2995 241 3070 picit
272 2989 313 3050 ad
341 2987 417 3046 illud
448 2983 606 3048 morosum
667 2982 788 3063 casaub.

120 3094 217 3156 genus
239 3073 457 3140 cavillationis,
488 3074 520 3132 in
539 3090 605 3152 quo
707 3072 832 3155 odiosa]
876 3075 948 3154 quia
965 3074 1068 3137 mallia

119 3157 287 3220 similitudo
309 3153 396 3218 suillo
418 3156 539 3214 videtur
560 3158 608 3214 in·
664 3154 836 3240 gistratibus
865 3157 1039 3220 molestiam
1065 3185 1071 3221 r

120 3258 170 3304 ter
182 3241 324 3303 Pisonem
339 3256 371 3301 et
385 3239 472 3299 illum
487 3236 607 3300 histrio·
663 3241 749 3319 bant.

120 3347 205 3390 nem.
258 3329 337 3387 Sunt
366 3329 421 3407 qui
444 3327 536 3384 etiam
557 3322 608 3385 hic
706 3349 779 3404 quac
802 3328 832 3384 in
854 3322 1071 3413 Consulem]l

123 3414 311 3474 Ciceronem
349 3413 381 3470 in
415 3409 608 3492 etymologia
665 3411 722 3472 tuli
750 3412 917 3472 lectionem
939 3412 1010 3474 libri
1030 3417 1070 3475 Fa

122 3500 256 3561 nominis
273 3492 422 3554 Doterion
438 3491 536 3554 lusisse
550 3515 608 3574 pu·
666 3501 749 3578 qu‘ae
784 3489 978 3577 Malaspinae
1020 3521 1071 3582 qm

123 3597 208 3655 tant,
232 3578 318 3664 quasi
340 3601 357 3640 a
379 3579 484 3640 dando
506 3594 537 3639 et
551 3579 608 3639 do·
665 3581 791 3661 placuit.
813 3581 1064 3666 Namvulgarum

123 3667 231 3730 nando
246 3669 343 3726 dictus
355 3662 436 3725 esset.
459 3664 495 3724 ld
505 3679 610 3726 tamen
665 3664 865 3750 significaret,
894 3667 967 3728 idao
993 3669 1045 3729 illa
1070 3710 1071 3723 t

124 3753 261 3814 alienum
275 3750 405 3810 videtur.
437 3750 541 3811 Altera
556 3769 609 3808 au·
666 3750 776 3812 odiosa
792 3749 863 3822 elle,
883 3757 955 3833 quia
969 3756 1002 3813 ln
1010 3754 1071 3816 Pis<

51 3840 54 3846 '
124 3856 188 3900 tem
203 3836 307 3908 lectio,
320 3835 476 3892 deterioris
490 3830 611 3896 histrio·
665 3837 922 3917 increparentur,
939 3841 1027 3921 quod
1043 3862 1071 3903 at

124 3928 189 3993 nir,
217 3918 346 3982 nonest
366 3918 567 3985 admittendo.
666 3926 691 3982 ri
722 3925 851 3999 nequit,
892 3927 967 4003 quia
996 3925 1061 4008 ipsa

123 4058 127 4066 .
167 4003 338 4090 divisores]
398 4007 453 4086 qui
485 4002 610 4086 populo
668 4003 872 4069 odiosissimus
890 4024 966 4070 erat.

125 4095 290 4176 pecuniam
299 4087 613 4158 dividerentmrcon·
