2506 4808
176 323 219 402 aa
455 311 742 383 errsrorn
790 315 924 384 cvu.

179 505 235 570 die
255 500 394 568 scilicet:
427 501 509 584 quid
535 508 627 567 enim
653 501 732 568 tua?
762 502 819 568 sed
839 504 1043 570 viderimus.
1089 505 1220 575 Biblio

177 604 312 671 thecam
340 601 423 667 mihi
445 608 496 666 tui
521 609 708 691 pinxerunt
735 605 988 671 constructione
1011 618 1052 673 et
1079 604 1220 704 illyris.

177 708 245 774 Eos
262 705 363 773 velim
375 704 506 771 laudes.

221 899 504 974 EPISTOLA
547 894 683 969 CVII.
733 895 813 987 (ad
842 901 884 997 Q.
919 903 1079 975 Fr.11.
1111 906 1176 999 7.)

342 1064 407 1124 Ser.
421 1067 506 1124 Amii
530 1063 560 1125 d.
583 1063 639 1124 111.
656 1064 699 1125 id.
716 1066 792 1144 Apr.
808 1064 846 1125 Α.
860 1064 899 1124 U.
915 1064 950 1125 C.
973 1065 1051 1147 697.

175 1213 284 1281 Scribit
300 1222 338 1277 de
354 1218 504 1274 itineribus
519 1217 584 1291 suis
595 1236 651 1292 per
667 1218 774 1288 villas,
793 1227 824 1276 et
841 1220 880 1277 de
892 1218 1110 1292 aedificatione
1126 1222 1217 1286 Arca·

217 1323 249 1376 ni
271 1321 445 1396 sustentata.

343 1494 580 1566 Marcus
623 1498 668 1589 o.
711 1496 948 1575 ranam,
993 1499 1035 1569 s,

277 1650 323 1717 A.
345 1651 390 1715 D.
413 1671 463 1714 111
487 1651 534 1716 id.
548 1646 660 1738 April.
690 1664 768 1717 ante
788 1652 900 1716 lucem
922 1651 1009 1717 hanc
1035 1658 1216 1748 epistolam

174 1755 399 1828 dictaveram,
419 1772 577 1836 eramque
593 1757 629 1816 in
646 1759 785 1826 itinere,
807 1766 844 1816 ut
860 1773 900 1815 oo
916 1754 969 1817 die
984 1759 1076 1844 apud
1096 1759 1148 1826 T.
1158 1763 1217 1831 Ti.

172 1862 259 1922 tium
274 1862 310 1920 in
324 1853 509 1942 Anagnino
525 1875 707 1919 manerem.
751 1852 914 1920 Postridie
928 1869 1042 1921 autem
1064 1865 1104 1926 iu
1119 1862 1216 1931 Late·

171 1964 225 2023 rio
248 1960 456 2044 cogitabam3
492 1955 589 2029 inde,
609 1979 711 2041 quum
732 1961 768 2020 in
782 1951 943 2041 Arpinati
958 1963 1114 2043 quinque
1140 1965 1214 2031 dies

170 2057 318 2131 fuissem,
336 2065 385 2122 ire
407 2063 443 2121 in
458 2055 715 2145 Pompeianum3
746 2055 883 2119 rediens
899 2055 1073 2144 adspicere
1090 2064 1215 2130 Cuma·

169 2183 273 2233 num,
294 2172 349 2232 ut,
374 2164 531 2242 quoniam
552 2163 587 2221 in
612 2181 691 2222 non.
708 2157 817 2222 Maias
833 2155 953 2221 Miloni
977 2158 1051 2222 dies
1074 2166 1215 2249 prodita

171 2258 235 2333 est,
263 2259 350 2345 prid.
372 2281 452 2323 non.
469 2257 599 2322 Romae
617 2257 734 2331 essem,
756 2269 877 2338 teque,
899 2265 946 2322 mi
967 2259 1156 2341 carissime,
1181 2281 1215 2333 et

169 2359 350 2429 suavissime
372 2360 496 2433 frater,
538 2360 579 2422 ad
600 2382 672 2424 eam
696 2361 786 2424 diem
816 2363 875 2440 (ut
897 2359 1098 2452 sperabam)
1112 2370 1216 2446 ,vide-

208 2719 302 2802 Epist.
323 2720 419 2781 CVII.
463 2741 491 2781 ι.
513 2743 655 2803 eramque
752 2719 981 2797 Pompeianum,
1016 2718 1212 2817 Cumanum]

166 2803 333 2886 insiluere]
352 2805 455 2888 Vulgo
466 2809 655 2882 scripseram·
710 2827 776 2868 non
793 2809 901 2888 Quinti
926 2809 976 2867 sed
993 2809 1088 2890 ipsius
1104 2818 1213 2880 Marci

165 2913 224 2975 que
257 2894 287 2946 in
317 2896 432 2950 ttinere.
477 2892 653 2971 Quomodo
710 2893 832 2952 sundos.
878 2889 998 2952 Manat.

165 2993 268 3037 aurem
292 2980 371 3034 inter
393 2975 421 3034 se
443 2982 575 3049 costum,
608 2981 653 3034 di·
752 2978 897 3060 prodita]
934 2981 983 3039 sic
1015 2981 1210 3052 Bessurionir

164 3072 316 3118 oraveram
326 3077 354 3118 et
357 3062 558 3136 scripseram?
572 3065 599 3122 N
604 3084 654 3123 um
710 3076 740 3120 el
755 3064 852 3121 Tertii
867 3063 963 3136 siber,
985 3082 1080 3128 recte.
1105 3071 1211 3152 Quod

163 3151 217 3228 qui
233 3149 328 3203 dictat
342 3165 407 3204 non
425 3149 538 3222 scribit.
558 3149 654 3208 Dein·
710 3150 790 3205 enim
807 3146 941 3208 usuarius
958 3149 1122 3214 videbatur
1135 3179 1210 3232 pro.

162 3231 204 3290 do
219 3238 273 3312 qui
286 3228 454 3292 cohaerent
468 3231 521 3292 isra
528 3235 652 3308 scripse·
709 3235 812 3309 ducta,
845 3253 937 3311 quam
956 3239 1101 3311 prodita,
1138 3243 1207 3304 fos.

162 3328 324 3375 ram-ur
338 3339 494 3375 manerem.
541 3319 652 3397 iraque
709 3315 783 3375 tasse
812 3323 910 3376 minus
937 3337 1048 3378 norum
1069 3325 1207 3389 verbum

160 3421 267 3462 verum
292 3399 352 3472 est,
388 3425 525 3479 eramque
548 3407 578 3460 in
602 3405 650 3458 iti·
707 3404 740 3461 iu
753 3402 903 3461 familiare
917 3409 1068 3464 convertit
1087 3409 1205 3490 eliquia

159 3507 249 3558 nere,
268 3491 309 3546 ita
329 3489 472 3566 quidem,
498 3500 530 3545 ut
553 3510 587 3545 eo
602 3491 652 3546 die
705 3485 820 3545 latinae
842 3488 966 3567 linguae
985 3509 1051 3549 nou
1066 3505 1204 3559 omuino

159 3575 239 3648 apud
260 3565 293 3632 Τ.
311 3567 648 3634 Titium-manerem.
706 3575 833 3649 peritus.
879 3570 1005 3629 Prodita
1021 3594 1097 3635 vero
1114 3582 1205 3642 idem

156 3704 160 3712 .
203 3655 349 3738 Laterio]
393 3659 492 3717 fundo
523 3659 647 3736 Quinti,
706 3654 804 3726 volet,
834 3658 922 3736 quod
947 3661 1104 3737 producta.
1150 3667 1204 3728 Sic

155 3744 188 3803 in
204 3746 344 3822 Arpinati
368 3746 407 3802 ud
424 3744 463 3822 Q.
479 3743 527 3800 Fr.
543 3743 596 3802 111.
620 3764 645 3801 r.
704 3741 883 3799 Terentius:
894 3744 1004 3816 saltem
1016 3747 1137 3826 aliquot
1146 3772 1201 3809 nu.

156 3828 198 3888 ed
230 3833 291 3888 Ait.
316 3828 379 3898 IV,
404 3845 433 3906 7.
478 3841 509 3884 et
547 3827 587 3885 X.
617 3847 645 3886 ι.
702 3827 988 3900 ptiisprodatdses.
1013 3867 1037 3877 .-
1072 3828 1210 3896 Manus..

155 3908 277 3974 Manat.
703 3908 842 3970 Ernestio
876 3917 908 3972 in
941 3929 1077 3974 mentem
1113 3927 1201 3982 venit

198 3999 228 4054 iu
243 3990 406 4074 Arpinati]
435 3993 536 4055 Marci
557 3995 646 4056 Cice·
701 3997 849 4068 prodicta.
893 3999 955 4055 Sed
972 3997 1131 4079 vulgatam
1146 4028 1200 4071 ree

152 4086 237 4144 ronir
252 4080 333 4145 vissa.
702 4095 750 4143 cte
773 4096 877 4142 tuetur
893 4082 1065 4146 Mruuriur.
