2506 4808
189 308 260 377 3²⁰
465 286 754 363 EPISTOLA
795 292 962 363 Lxxv.

188 494 288 549 ctum
305 476 370 545 esse
384 474 520 553 officio,
537 478 824 547 vehementissime
846 486 975 571 probo:
1010 482 1160 573 gaudere
1178 508 1221 551 rut
1243 526 1245 559 Ι

193 598 269 650 'tum
293 584 422 655 dicum,
449 577 469 643 fi
496 579 578 645 milti
599 579 665 647 hoc
688 586 793 648 verbo
813 583 931 650 licebit
952 591 1019 651 uti.
1063 586 1126 653 Me
1146 586 1228 653 mise.

190 680 289 751 rum!
328 704 427 767 quam
450 686 564 745 omnia
589 680 694 747 essent
717 704 760 747 ex
784 682 967 761 sententia,
1002 685 1216 755 linobistui

189 806 294 859 mus,
317 782 540 857 siconstlium,
562 780 685 848 sifides
701 805 839 859 eorum,
866 789 992 869 quibus
1010 790 1213 867 credtdtmn.

192 911 267 955 non
283 884 455 951 defuisset:
479 906 562 969 quae
577 883 737 971 colligere
752 884 853 960 nolo,
878 908 921 952 ne
942 908 1090 977 augeam
1104 904 1211 957 mucro

195 1014 280 1057 rem.
326 986 398 1053 Sed
414 988 477 1051 tibi
494 992 608 1051 venire
629 992 665 1051 in
682 999 832 1051 mentem
853 1000 948 1053 certo
969 988 1058 1065 scio,
1086 996 1210 1075 quaeri
1237 1037 1245 1065 .

161 1084 165 1094 ’
194 1106 231 1157 ta
254 1088 336 1154 esset
360 1086 489 1161 nostru,
529 1108 611 1171 quae
639 1085 800 1163 suavitas,
835 1110 921 1175 quae
949 1089 1115 1177 dignitas.
1163 1090 1206 1159 Al
1232 1154 1240 1178 Ι,

197 1214 282 1277 quae
304 1188 554 1277 recuperanda,
581 1209 643 1275 per
661 1186 836 1257 fortunas!
863 1195 1050 1267 incumbe,
1070 1206 1110 1261 ut
1130 1194 1207 1271 iacit,
1232 1244 1245 1254 .

188 1296 357 1375 ‘diemque
380 1291 526 1354 natalem
548 1290 679 1356 reditus
702 1298 786 1364 mei,
814 1314 913 1365 cura,
941 1306 983 1357 ut
1003 1299 1042 1359 in
1062 1278 1204 1363 tutistdl·

189 1396 264 1459 lius
282 1390 517 1456 amoenisfimis
539 1412 635 1479 agam
651 1404 766 1457 tecum
782 1406 817 1457 et
834 1416 914 1458 cum
932 1400 1035 1461 meis.
1235 1474 1245 1481 ,Ι

168 1516 189 1559 2
279 1496 354 1583 Ego
369 1490 449 1557 huic
467 1490 533 1581 spei
549 1506 584 1556 et
596 1492 857 1580 exspectationi,
879 1516 970 1579 quae
988 1500 1092 1563 nobis
1110 1512 1204 1587 prop
1235 1572 1245 1579 .

197 1603 293 1663 nitur
307 1618 385 1660 cum
404 1598 561 1667 maxime,
584 1594 675 1661 volui
689 1594 886 1684 praestolari
905 1596 998 1683 apud
1011 1610 1048 1663 te
1062 1604 1099 1663 in
1111 1598 1204 1685 ripun
1230 1656 1245 1667 .

199 1698 256 1763 scd
280 1702 329 1761 ita
356 1698 472 1760 adme
496 1694 669 1771 scribitur,
714 1709 752 1760 ut
772 1708 890 1784 putent
916 1694 982 1761 esse
1005 1720 1118 1765 cortun
1160 1704 1167 1719 '

189 1822 264 1867 ·n0s
281 1797 411 1863 eisdem
425 1803 458 1861 in
474 1797 559 1863 locis
574 1796 650 1861 esse.
1190 1838 1196 1849 .

169 1904 190 1971 3
281 1902 336 1967 De
353 1901 456 1964 domo
475 1912 510 1964 et
525 1900 686 1967 Curionis
703 1904 874 1973 oratione,
895 1912 936 1965 ut
952 1898 1091 1977 scribis,
1111 1891 1205 1967 urei

199 2002 238 2068 In
261 2000 415 2067 universa
438 1999 557 2078 salute,
586 1998 606 2062 st
630 2020 668 2063 ea
694 2000 798 2064 modo
818 2003 918 2066 nobis
941 2002 1153 2075 restituetur,
1172 2004 1207 2065 lt·
1236 2056 1245 2063 .

190 2115 302 2168 crunt
326 2107 454 2185 omniu;
486 2124 528 2166 ex
555 2105 677 2185 quibus
704 2097 788 2163 nihil
817 2100 923 2177 malo,
953 2102 1060 2186 quur'n
1083 2102 1206 2167 domun·
1241 2087 1245 2093 ¹

201 2202 275 2272 Sed
290 2205 353 2269 tibi
367 2201 451 2267 nihil
465 2204 591 2267 mundo
607 2208 826 2267 nominatim:
853 2214 966 2268 totum
988 2218 1123 2271 metuo
1139 2220 1209 2269 mo·

580 2406 849 2423 Ἣ

200 2554 252 2599 tur
281 2534 346 2598 hoc
378 2558 449 2597 cum
477 2533 688 2615 inscriptione,
788 2556 816 2595 2.
844 2555 921 2616 quae
948 2538 1032 2595 nobis
1058 2536 1210 2613 proponitur

197 2645 260 2705 qua
278 2625 388 2683 Cicero
405 2627 436 2680 in
452 2618 496 2679 hit
514 2621 611 2681 literit
625 2624 689 2699 pri·
744 2640 809 2678 cum
827 2625 977 2695 tttaxime,
998 2625 1085 2682 volui
1103 2620 1210 2699 praello·

196 2730 287 2769 mum
300 2704 370 2766 usus
394 2702 453 2778 est3
487 2709 529 2762 ita
551 2707 606 2781 effe
625 2704 686 2767 scil.
744 2705 827 2789 lari]
851 2706 970 2786 Recepi
989 2706 1117 2767 Graevii

195 2810 231 2852 ut
246 2809 279 2853 tu
294 2789 330 2850 sn
344 2789 422 2848 filius
432 2791 473 2869 Q.
486 2791 610 2850 Caecilii
618 2792 688 2850 Me·
743 2791 921 2862 dationem,
944 2789 1090 2853 Erneslio
1103 2812 1145 2875 qu

196 2878 263 2938 tolli
287 2876 431 2935 avunculi
455 2879 500 2932 tui
526 2893 558 2934 et
588 2875 686 2936 beret.
742 2877 921 2956 probatum.
980 2878 1018 2937 ln
1046 2878 1120 2939 edd.
1146 2878 1208 2937 η’

199 2959 275 3020 Em.
324 2960 478 3018 Nimirum
504 2962 621 3021 Atticus
647 2961 686 3021 nb
742 2984 815 3043 quae
831 2964 911 3019 nobis
923 2966 1117 3038 proponitur,

183 3044 353 3107 ·nunncnlo
370 3043 507 3103 Caecilio
525 3043 688 3107 testemon-
742 3068 790 3104 me
823 3059 923 3105 tamen
956 3049 1043 3107 volui
1070 3046 1207 3125 protilos*

197 3132 515 3208 tondoptatuternt‚
536 3129 687 3211 simulque
743 3134 782 3194 ri.
1028 3184 1033 3195 ,

198 3213 288 3277 lieres
310 3219 374 3276 eiut
390 3236 427 3274 ex
447 3214 602 3276 dodrante
617 3215 687 3277 scri·
785 3217 896 3275 eisdem
911 3218 942 3272 in
955 3218 1032 3276 locis
1047 3216 1125 3303 effe]
1144 3234 1210 3279 uu·

187 3304 280 3383 'ptnn
740 3321 784 3382 pe
805 3298 1044 3363 Thessalonicae
1074 3294 1133 3366 ιιιιἲ
1147 3315 1213 3365 nul·

241 3388 271 3444 in
295 3390 353 3444 iuis
376 3388 494 3444 aedibus
522 3388 686 3464 atnoensffi-
740 3392 775 3447 in
789 3390 905 3447 vicinia.

199 3470 278 3555 tuis]
321 3471 551 3553 anpltilianit,
576 3476 628 3533 tibi
647 3472 685 3532 nb
785 3487 814 3547 3.
830 3467 968 3528 Curionis
977 3472 1131 3559 oratione]
1148 3474 1213 3555 Qu'!

199 3556 354 3617 avunculo
377 3558 505 3628 relictis,
527 3562 560 3619 in
582 3560 686 3640 Quiri·
743 3555 874 3616 Clodius
905 3556 1072 3619 Ciceronis
1105 3572 1146 3621 do

198 3641 260 3703 nuli
287 3641 378 3703 colle.
421 3642 531 3720 Nepos
559 3646 590 3702 in
614 3648 685 3702 vita.
742 3640 1218 3719 Libertaticonsecrnverttfidw

198 3726 289 3787 l'nbl.
306 3730 412 3787 Victor
428 3748 495 3807 cap.
512 3729 541 3787 6.
571 3732 686 3786 Amce·
742 3730 862 3787 Atticus
896 3746 966 3785 curn
1005 3729 1147 3793 Curione
1175 3724 1217 3809 ql

197 3809 337 3875 ntffimae
368 3827 574 3882 vincerunt,
613 3815 687 3892 quin
742 3811 882 3891 pontifex
921 3824 1010 3883 eret,
1061 3813 1217 3877 sermone!

200 3918 308 3957 eurum
339 3902 511 3958 amoenitas
542 3916 610 3955 non
637 3916 688 3955 ee·
724 3894 905 3969 habuerat,
927 3896 1092 3963 dedomo
1106 3902 1221 3965 ntun-

199 3982 304 4043 distcio
345 3982 398 4043 sed
432 3979 503 4041 stlta
542 3977 685 4043 constitit.
726 3981 794 4043 da.

197 4068 310 4149 Nepos
326 4067 399 4131 ibid.
445 4063 532 4124 Corn.
