2506 4808
135 305 211 383 ecc·
262 356 265 361 -
419 288 723 370 'EPISTOLA
781 302 871 373 1211,

140 486 299 562 venisset,
332 506 437 574 quum
458 509 536 557 enm
556 491 740 580 fugitivum
762 489 828 557 esse
846 489 967 580 postea
987 512 1033 558 ex

137 592 250 661 iiten‘s
277 588 472 677 cognosset,
506 587 681 657 hominem
698 591 981 680 comprehendit,
1004 608 1035 659 et

139 691 283 759 stodiam
299 687 420 778 Ephefi
433 690 591 757 tradidit:
614 691 670 757 sed
684 697 720 759 in
733 691 922 780 publicam,
951 716 995 760 an
1009 701 1035 761 ii

140 815 255 868 num,
283 789 454 857 nonsatis
480 812 522 855 ex
542 790 650 858 literis
673 797 744 859 eius
766 793 955 881 intelligere
977 809 1035 884 poi

134 891 219 969 Tu,
239 914 376 977 quoquo
393 891 512 964 modo,
534 898 692 976 quoniam
707 891 826 980 Ephesi
840 895 908 970 est,
930 895 1035 966 homi]

138 995 282 1084 vestiges
296 992 417 1066 velim,
443 989 637 1076 summaque
658 993 833 1083 diligentia
854 995 908 1060 vel
928 1009 1035 1064 tecum

138 1119 211 1164 cas.
255 1093 335 1161 Noli
350 1093 517 1181 spectare,
539 1101 656 1176 quanti
668 1093 772 1161 homo
795 1093 848 1159 fit:
875 1104 973 1185 parvi
989 1110 1035 1167 em

138 1203 179 1264 tii
200 1197 258 1270 est,
279 1198 336 1279 qui
349 1201 417 1259 inm
434 1192 532 1261 nihili
547 1194 602 1261 fit:
630 1195 687 1263 sed
700 1208 796 1261 tanto
811 1196 930 1265 dolore
945 1199 1035 1267 Aeso

138 1299 283 1366 affectus
298 1307 439 1384 propter
453 1296 538 1363 servi
554 1296 680 1371 sedus,
703 1310 737 1381 et
751 1298 941 1374 audaciam,
965 1316 1005 1366 ut
1026 1327 1035 1367 1

103 1422 111 1459 ε
138 1384 266 1487 gratius
288 1397 400 1464 facere
424 1396 543 1488 possis,
581 1420 682 1483 qnam
705 1394 728 1463 fi
748 1397 845 1465 illum
871 1423 936 1489 per
963 1416 1000 1468 te
1026 1426 1035 1467 1

138 1507 232 1567 rarit.

107 1600 129 1693 ᾗ
222 1599 322 1667 Nunc
339 1623 378 1667 ea
392 1601 571 1688 cognosce,
600 1624 685 1688 quae
709 1611 855 1671 maxime
871 1616 1026 1694 exoptas.

133 1701 308 1792 publicam
327 1705 482 1771 funditus
504 1700 689 1771 amifimus:
741 1705 824 1771 adeo
849 1717 888 1770 ut
912 1706 1020 1782 Cato,

137 1805 233 1871 scens
256 1803 381 1871 nullius
406 1802 548 1878 consilii,
580 1803 636 1870 sed
663 1818 777 1871 tamen
799 1812 883 1872 civis
907 1803 1035 1874 Roman

135 1907 244 1980 Cato,
267 1913 325 1972 vix
339 1913 436 1973 vivus
459 1906 636 1994 effugerit3
666 1907 774 1990 quod,
798 1907 1035 1991 quumGabini

136 2010 268 2072 ambitu
288 2006 387 2071 vellet
406 2006 590 2096 postulare,
633 2029 742 2091 neque
766 2018 947 2096 praetores
969 2011 1035 2076 dies

138 2121 222 2190 quot
235 2107 320 2172 adin'
333 2107 479 2195 possent,
503 2109 557 2175 vel
571 2108 771 2195 potestatem
786 2106 833 2173 sui
848 2107 1019 2185 facerent,

129 2213 271 2273 :cionem
284 2208 475 2282 adscendit,
503 2223 537 2274 et
551 2208 750 2297 Pompeium
769 2214 939 2296 privatum
962 2213 1033 2277 dict

80 2352 84 2363 ·
133 2308 325 2399 appellavit.
368 2309 612 2397 Propiusnihil
628 2308 840 2388 estfactum,
859 2333 962 2397 quam
977 2327 1035 2379 ut«

123 2648 127 2657 ·
176 2624 232 2704 qffe
251 2570 377 2704 postea]
411 2620 517 2704 Vulgo
534 2618 617 2680 mele
675 2622 855 2680 concionari
900 2637 970 2683 non
1002 2642 1035 2703 p«

131 2709 233 2787 postea
249 2708 314 2783 esse.
674 2699 796 2762 Manat.

122 2830 125 2835 ·
177 2797 207 2853 in
220 2793 380 2868 -pnhlicnm
401 2811 440 2848 an
460 2792 491 2848 in
517 2791 618 2866 pistri·
716 2790 869 2863 privatum
903 2789 1034 2848 dictator

132 2875 224 2960 auin]
248 2877 317 2936 -sic
351 2872 503 2936 Ernestiuc
533 2891 618 2935 recte
653 2869 820 2953 gestavit]
862 2871 1035 2935 Lectionum

131 2963 232 3022 edidit
258 2981 294 3020 ex
320 2959 359 3020 ed
381 2960 473 3021 Rom.
512 2957 618 3042 Vulgo
677 2969 740 3017 tum
755 2959 1035 3040 qnamWouwerit

126 3048 184 3123 sed
206 3048 237 3103 in
255 3048 402 3122 publicam
415 3049 462 3103 nel
478 3046 508 3103 in
521 3047 618 3121 pistri-
676 3047 815 3106 enotavit
830 3058 861 3101 et
877 3042 929 3102 ed.
945 3043 1035 3106 Rom.

132 3152 213 3189 nuin.
256 3144 258 3151 ’
675 3132 767 3188 unice
782 3147 904 3199 veram,
929 3133 1035 3208 recipe

118 3261 124 3279 .
154 3235 205 3296 ·9.
246 3210 322 3273 Cato
351 3211 536 3297 adolescens]
583 3213 619 3274 C.
677 3212 824 3273 dubitavi.
861 3213 944 3271 Nam
961 3233 1035 3294 quot

117 3300 233 3372 ·Cnto,
267 3304 296 3360 -is
322 3304 377 3380 qni
397 3303 528 3360 triennio
549 3295 620 3382 post
675 3298 789 3380 legitur
815 3300 951 3371 privatus
981 3298 1035 3356 dio

118 3385 271 3447 -mbunus
285 3385 329 3464 pl.
338 3388 535 3467 rogationem
568 3404 621 3444 ro·
676 3384 850 3458 appellavit,
875 3396 905 3441 et
921 3379 1035 3462 quods

129 3470 279 3553 mulgevit
293 3470 333 3530 de
350 3401 620 3551 ahsogandosien·
675 3473 784 3548 pium,
806 3487 843 3526 ac
857 3463 885 3535 fi
903 3465 985 3526 Coto
1003 3488 1035 3527 ac

130 3554 198 3617 tulo
210 3558 351 3633 ,imperio
368 3554 422 3616 sib.
436 3554 461 3615 1.
478 3553 518 3614 nd
533 3554 617 3613 Fam.
676 3557 733 3613 erit
748 3555 885 3631 privatus
907 3551 1035 3629 Pompei

131 3659 181 3720 cp.
200 3652 230 3711 5.
257 3634 379 3700 Manat.
675 3653 826 3698 emtorem
855 3635 960 3697 dicere
986 3634 1007 3698 s.

172 3722 344 3806 effugerit]
387 3725 437 3789 Sic
463 3717 618 3782 Ernestino
673 3718 736 3782 hoc
754 3720 835 3781 adeo
854 3716 1019 3780 absurdum

112 3826 222 3891 docte.
267 3808 359 3890 Vulg.
385 3805 547 3888 effregerat.
672 3809 770 3867 miror
803 3804 836 3865 id
866 3808 1035 3885 cuiquem]

110 3916 120 3959 1
145 3952 148 3958 ,
172 3892 355 3975 concionem]
382 3894 422 3954 ab
437 3892 617 3971 aliquoma-
672 3886 816 3970 potuisse.
857 3889 942 3949 Nam
954 3892 1034 3949 surio

130 3978 256 4064 gisttatn
280 3979 393 4038 domm.
436 3976 519 4037 Nom
537 3975 617 4037 elio·
672 3991 766 4035 nect
790 3990 893 4042 mente
919 3989 1035 4056 coptum

129 4070 187 4150 gui
222 4067 361 4147 privatus
397 4080 495 4145 quum
530 4055 615 4134 essct,
673 4060 1027 4149 oporteret.,G=ntonem,
