2506 4808
150 314 215 381 sta

418 294 702 369 rutsrotu
743 298 921 369 cuvn.

155 489 248 554 iacta
266 487 457 562 diceretur,
476 486 608 573 prolata
628 487 830 554 aMemmio
854 486 903 551 est
925 488 1143 553 nominibus
1163 491 1202 550 in

157 588 292 662 aucus,
325 600 467 655 auctore
487 586 659 677 Pompeio.

725 588 792 655 Hic
814 583 959 675 Appius
992 602 1077 655 erat
1109 590 1201 654 idem.

159 686 254 753 Nihil
274 689 351 755 sane
371 696 532 757 iacturae·
573 690 762 757 Corruerat
788 691 895 760 alter,
937 702 976 754 et
1002 691 1133 778 plane,
1162 697 1200 755 ic·

158 806 279 874 quam,
304 795 445 857 iacebat.
487 788 673 860 Memmius
691 802 821 861 autem,
841 789 1025 879 dirempta
1048 798 1199 864 coitione,

159 896 267 959 invito
282 892 443 968 Calvino,
463 894 562 983 plane
576 893 773 968 refrixerat3
795 903 831 954 et
844 910 886 956 eo
900 901 1022 982 magis
1047 916 1143 958 nunc
1157 916 1200 957 co

158 998 270 1080 gitare
289 999 511 1067 dictaturam,
531 1004 605 1060 ium
624 992 738 1058 fatere
751 991 891 1064 iustitio,
921 1005 960 1058 et
980 1003 1146 1060 omnium
1161 1017 1200 1059 re·

160 1114 241 1159 rum
255 1095 421 1161 licentiae.
443 1093 596 1184 Perspice
605 1098 806 1179 aequitatem
814 1099 919 1160 animi
934 1105 1011 1163 mei
1028 1111 1069 1163 et
1082 1097 1200 1170 ludum,

544 1300 812 1319 W-

163 1449 249 1529 iique
271 1444 366 1509 fidem
387 1448 468 1510 adeo
491 1444 574 1510 suam
590 1467 651 1530 pro

164 1534 202 1591 iia
246 1532 432 1615 obligarent.
506 1534 653 1615 Denique

166 1615 299 1675 aliorum
337 1620 505 1681 multorum
541 1620 653 1682 tabulis

164 1701 283 1773 fecere,
298 1719 332 1762 ut
346 1725 383 1763 ea
396 1726 444 1764 rer
460 1703 653 1775 scriberetur,

167 1784 279 1867 quibui
295 1787 414 1863 testium
431 1790 505 1849 loco
522 1795 566 1850 uti
584 1790 655 1871 pos·

166 1866 250 1940 sent,
296 1870 435 1955 essetque
470 1874 570 1946 adeo,
620 1887 655 1936 ttt

167 1952 280 2018 Cicero
310 1958 384 2019 aiibi
413 1960 505 2033 dicti,
541 1958 654 2020 mutto·

166 2055 235 2100 runt
264 2042 384 2106 sebusii
425 2042 543 2109 testata.
607 2044 655 2106 sta

168 2127 254 2185 omni
269 2138 392 2190 rationo
407 2147 531 2189 cautum
548 2130 655 2192 consu·

164 2202 245 2269 libus
264 2226 339 2273 erat.
383 2206 508 2276 Ernesti:

210 2301 373 2355 nominihus
395 2296 544 2382 inductis]
566 2320 584 2360 e
603 2320 656 2359 co·

168 2380 238 2444 dice
268 2382 387 2446 delata.
436 2381 522 2443 Corr.

209 2468 255 2524 stt'c
269 2465 382 2543 Appius
397 2480 462 2528 erat
477 2466 578 2551 idem]
593 2470 657 2549 Ap-

167 2553 238 2629 piur
259 2550 406 2624 Pulcher,
442 2554 519 2613 aster
539 2552 654 2614 consus.

167 2636 291 2716 Nempe
311 2642 337 2696 ia
353 2656 425 2698 anta
445 2645 506 2700 iem
526 2637 593 2698 satis
611 2643 656 2698 in·

167 2720 270 2781 samis.
294 2738 360 2782 erat
390 2740 421 2784 et
448 2739 655 2802 contemptur.

167 2804 279 2886 Itaque
302 2828 336 2866 ea
362 2828 428 2879 rer,
466 2828 656 2890 quamquam

168 2894 283 2969 turpia,
325 2891 400 2951 nihil
426 2898 551 2952 maioris
579 2894 625 2951 ins
644 2927 656 2940 -

167 2978 250 3033 miae
266 2967 426 3048 afferebat,
445 2977 514 3050 sen,
538 2992 571 3036 ut
586 2981 657 3035 Ma·

167 3063 271 3119 nutius
306 3065 545 3142 interpretatur,
590 3083 656 3122 non

170 3147 427 3206 commovebatur
444 3152 547 3207 animo
564 3168 599 3206 ex
620 3168 657 3207 ea

169 3228 369 3310 turpitudine.
428 3235 515 3292 Alter
547 3232 656 3292 Domi-

168 3317 227 3376 tstte
251 3310 477 3377 Ahenobarbus
506 3322 655 3377 iacturam

169 3404 269 3461 omnia
300 3399 525 3463 existimationis
564 3403 656 3462 sacie-

168 3484 232 3546 δεῖ.
278 3480 406 3562 Ernesti.

210 3564 360 3644 dirempto
386 3565 537 3654 coitione]
567 3571 656 3652 quod

167 3650 253 3715 istam
280 3662 447 3716 coitionem
472 3660 568 3715 invito
587 3658 657 3715 Cas·

167 3745 240 3800 rino
257 3741 439 3809 diremerat,
466 3761 561 3820 quum
584 3761 658 3820 pro-

166 3820 262 3885 latam
288 3829 466 3903 pactionem
493 3830 525 3886 in
550 3823 658 3886 senatu

166 3904 327 3970 recitasset.

209 4007 239 4051 et
260 4012 294 4052 eo
314 3991 410 4067 rnngt's
429 4015 502 4052 nunc
523 3997 657 4070 cogitare

168 4077 370 4162 dictaturam]
390 4077 468 4140 baec
491 4077 535 4139 est
548 4080 655 4141 ‘lectio

709 1442 758 1509 ed.
775 1446 868 1509 Rom.
885 1446 945 1510 nifi
966 1455 1068 1532 quod
1090 1477 1112 1516 e
1127 1454 1199 1524 ,vesti-

710 1538 765 1616 giis
781 1530 849 1594 ΜΠ.
872 1534 993 1595 sactum
1014 1536 1062 1598 est
1077 1544 1201 1620 cogitare

709 1622 953 1700 promeriture,
977 1639 1014 1682 et
1034 1629 1201 1686 licentiaet

710 1706 839 1762 licentia.
895 1706 1009 1766 Lectio
1049 1711 1200 1770 Gruteria·

709 1810 770 1851 nae
798 1791 957 1849 editionis'
976 1802 1058 1871 cogi
1092 1795 1200 1876 deping

710 1887 773 1931 tum
792 1874 890 1944 fluere
902 1877 1020 1950 iustitio
1037 1891 1070 1935 et
1082 1886 1202 1941 omniunt

711 1977 809 2021 rerum
835 1961 955 2017 licentia
993 1961 1042 2022 est
1067 1986 1090 2025 e
1113 1987 1203 2026 corre·

712 2048 816 2104 ctione
833 2041 937 2105 Bono.
987 2043 1148 2127 Cogitat-e
1167 2054 1203 2110 di·

712 2138 878 2204 ctaturam‚
896 2149 963 2190 non
983 2149 1025 2193 ut
1047 2135 1121 2217 ipse
1139 2142 1203 2197 rcci-

711 2230 820 2294 peret‚
867 2212 918 2274 sad
948 2231 986 2276 ut
1018 2217 1203 2304 Pompeius,

712 2318 778 2381 quo
837 2314 965 2361 auctora
1026 2315 1205 2383 pactionem

712 2387 901 2443 enuntiaret:
917 2403 993 2443 nam
1022 2388 1205 2453 dictaturam

712 2472 817 2528 animo
854 2466 982 2549 agitasse
1018 2472 1205 2558 Pompeium

712 2553 802 2631 supra
843 2554 956 2613 dictum
997 2556 1126 2622 samam
1168 2580 1205 2624 tu·

711 2635 786 2698 lissa.
830 2638 911 2699 Vide
940 2639 982 2699 ad
1016 2644 1207 2724 Q.Fr.11t

712 2734 743 2794 8.
760 2739 835 2787 extr.
861 2722 943 2800 (hut.
966 2725 1024 2787 ed.
1051 2751 1109 2812 ep.
1133 2736 1207 2811 158.)

715 2802 839 2882 Ernesti.

754 2888 906 2976 perspice]
928 2895 1124 2974 Quomodo
1144 2899 1209 2962 haec

715 2999 782 3038 cum
813 2980 1078 3044 antecedentibus
1105 2986 1210 3049 cohae-

713 3079 800 3123 reant
828 3068 873 3122 vix
901 3061 969 3122 satir
1002 3084 1113 3145 patet.
1158 3069 1209 3132 Nih

714 3151 793 3207 sorte
815 3145 855 3206 stc
877 3169 1038 3226 exponar:
1073 3156 1210 3238 Perspice

713 3236 772 3291 iam
798 3237 888 3291 animi
911 3237 971 3291 mei
997 3245 1209 3318 aequitatem,

714 3323 765 3398 qui
791 3316 843 3376 ista
865 3315 927 3375 stne
944 3315 1124 3386 stomacho
1140 3330 1211 3388 serre

713 3400 832 3479 poffim.
877 3405 938 3462 Pro
972 3419 1006 3460 et
1030 3411 1145 3472 sudum
1164 3430 1210 3473 etc

713 3487 880 3568 legendum
912 3492 1036 3565 opinor
1076 3507 1111 3552 et
1153 3500 1211 3556 lade

712 3574 961 3645 contemptionem
1021 3574 1212 3642 Seleucianae

712 3658 893 3732 prouinciae,
914 3658 962 3716 vel
979 3671 1014 3717 et
1028 3666 1107 3725 lude
1124 3692 1171 3726 me
1185 3672 1213 3727 oi

716 3744 963 3814 contemptionem
973 3741 1003 3804 S.
1012 3768 1047 3821 p.
1059 3769 1126 3817 etc.
1146 3759 1213 3816 atii·

716 3846 768 3885 ctu
795 3828 1058 3894 enim-Ciceroni
1091 3836 1214 3900 sortasse

714 3910 834 3990 saepiat
850 3931 907 3990 per
919 3917 1030 3974 iocum
1048 3925 1215 4001 exprobra·

714 4013 819 4073 verat,
855 3998 944 4075 quod
975 4002 1053 4078 post
1080 4008 1215 4072 consuia-

714 4094 781 4142 tum
808 4087 838 4141 in
859 4087 1066 4162 provinciam
1088 4099 1141 4158 ire
1166 4117 1217 4160 no·
