2506 4808
161 335 226 425 με
450 318 733 402 amsuoun
776 319 907 388 cuv.

135 549 153 591 2
271 515 416 582 Romam
434 533 538 596 quum
552 529 693 583 venero,
714 527 798 592 quae
813 505 1057 597 perspexero,
1081 511 1212 578 scribam

34 695 38 706 Ι
167 619 209 686 ad
222 631 276 693 te,
297 626 331 681 et
344 618 490 679 maxime
509 611 551 675 de
567 611 750 676 dictatura:
776 621 809 675 et
824 611 866 674 ad
883 611 1113 689 Labienum,
1136 617 1213 680 etad

165 721 339 806 Ligurium
358 715 476 783 literas
499 712 599 779 dabo·
641 709 740 785 Hanc
762 710 872 801 scripsi
893 727 983 778 ante
1006 713 1150 790 lucem,
1180 717 1211 780 ad

165 816 399 917 lychnuchum
424 811 630 901 ligneolum,
667 816 723 894 qui
745 811 829 877 mihi
855 827 933 878 erat
958 819 1210 902 periucundus,

168 921 261 1008 quod
275 942 352 985 eum
367 930 402 981 te
416 918 565 987 aiebant,
589 933 696 996 quum
711 911 915 986 effossam,
938 917 1085 982 curasse
1102 920 1209 985 sacien-

168 1026 262 1090 dum.
307 1020 410 1094 Vale,
427 1023 475 1083 mi
494 1012 691 1086 suavissime,
710 1029 745 1081 et
767 1020 895 1099 optime
917 1016 1055 1083 frater.

235 1222 516 1297 EPISTOLA
550 1220 689 1293 CLVI.
738 1212 815 1306 (ad
840 1222 937 1292 Att.
963 1223 1043 1294 IV.
1081 1217 1154 1314 17.)

126 1348 129 1355 Ι
318 1388 382 1447 Ser.
402 1385 526 1446 Romae
553 1399 687 1446 exeunte
704 1382 787 1446 Nor.
807 1384 844 1444 A.
863 1382 902 1444 U.
919 1384 958 1446 C.
986 1385 1073 1468 699.
1181 1392 1185 1399 ’

171 1541 303 1601 Atticum
320 1538 438 1614 salvum
460 1528 629 1594 sustollam
652 1534 769 1613 rediisse
788 1536 936 1607 laetatur,
959 1546 995 1594 et
1019 1549 1057 1596 ut
1071 1560 1150 1600 moa:
1161 1536 1205 1599 llo·

214 1661 295 1700 mom
305 1639 441 1709 aduolet,
455 1639 533 1713 petit
553 1659 578 1698 1.
616 1639 771 1697 candidati
782 1638 946 1713 consulatus
961 1658 1062 1714 quanm
1071 1642 1206 1717 spemin·

213 1746 315 1814 beant,
332 1741 457 1814 exponit
477 1758 506 1800 z.
547 1741 585 1796 de
602 1739 698 1797 literis
715 1762 733 1798 a
744 1738 854 1824 Quinto
867 1735 979 1808 fratre
996 1748 1138 1820 acceptis
1152 1766 1205 1804 nar.

214 1854 263 1902 rat
282 1855 313 1919 5.
357 1843 482 1914 iterum,
501 1850 534 1898 ut
551 1859 624 1897 mox
640 1842 795 1913 adueniat,
819 1840 951 1918 flagitat
970 1849 1007 1920 lp.

386 2020 592 2091 CICERO
649 2020 893 2098 ATTICO,
948 2020 992 2090 S.

275 2176 307 2244 Ο
330 2175 539 2264 exspectatas
562 2171 645 2240 mihi
673 2187 749 2241 tuas
768 2169 901 2241 literas!
941 2197 962 2240 ο
994 2190 1147 2268 gratum
1165 2180 1206 2246 ad·

175 2273 332 2346 ventum!
362 2300 383 2341 o
404 2273 623 2340 constantiam
642 2273 807 2365 promissi,
837 2289 872 2339 ct
894 2272 1006 2341 fidem
1032 2281 1205 2347 miramso

175 2384 424 2471 navigationem
444 2373 637 2441 amandam!
674 2398 773 2462 quam
799 2373 1007 2442 mehercule
1027 2402 1100 2470 ego
1124 2383 1205 2452 valde

552 2604 820 2623 Μ

158 2786 161 2793 ·
217 2773 244 2816 2.
270 2757 307 2812 de
322 2722 486 2843 aliculam]
509 2759 549 2820 ed
565 2778 660 2842 quam
758 2752 938 2840 ligurium]
961 2758 1001 2825 Α.
1030 2761 1205 2848 Ligurium,

174 2858 223 2899 rer
250 2843 370 2902 videtur
400 2842 547 2926 spectare.
592 2844 661 2901 Dis·
715 2839 850 2904 caeraris
866 2843 1075 2919 familiarem,
1101 2854 1144 2911 de
1156 2870 1206 2932 quo

176 2923 289 2985 cordiit
318 2933 400 2987 enim
431 2932 540 2989 civium
565 2931 661 2987 comi·
715 2927 755 2986 ad
776 2931 838 2986 An
860 2927 915 2988 xl.
938 2947 968 3007 9.
1008 2947 1043 2992 et
1070 2936 1117 2996 ud
1136 2937 1205 2997 Fun.

174 3012 217 3069 tia
245 3011 480 3091 producentur;
512 3032 589 3095 quar
616 3013 661 3071 di·
714 3011 798 3072 XVs.
824 3022 868 3082 ¹8·
916 3010 1042 3078 Manat.

174 3095 445 3176 ctatorirpotellus
459 3096 584 3161 sedabit,
603 3097 661 3156 Su·
757 3094 852 3178 dabo]
874 3096 1014 3158 Videtur
1034 3100 1105 3166 hoc
1122 3104 1206 3188 Quiu-

173 3198 233 3322 ppa
244 3181 456 3341 ppinlruditem
474 3185 515 3244 ad
530 3182 659 3350 Apthst.
714 3194 763 3240 tut
779 3200 798 3240 a
812 3181 923 3240 Marco
937 3184 1071 3289 petiisse
1077 3232 1102 3269 ,θ
1108 3208 1154 3337 (pt
1167 3214 1207 3334 eso

218 3305 226 3322 .
285 3284 485 3330 u1.e.e.1
533 3316 540 3331 .
629 3287 659 3325 a·
713 3285 800 3336 rum,
852 3285 1083 3334 uosmarnme
1139 3295 1206 3335 neu

173 3357 234 3408 nat.
424 3288 445 3348 Ρ
490 3278 530 3349 49
714 3285 875 3431 diligerelt,
908 3356 1093 3419 amicitiam
1127 3360 1207 3422 lituis

221 3428 401 3519 Labienum]
422 3437 460 3501 Τ.
476 3438 579 3497 Atium
602 3437 661 3513 Lep
712 3445 860 3495 tueretur.
903 3431 1032 3500 Manat.

173 3507 317 3592 hien'ur'n,
339 3518 476 3582 caesaris
501 3525 532 3581 in
556 3520 659 3583 Gallia
759 3510 860 3601 Sami]
895 3540 996 3601 quum
1018 3524 1134 3591 Anam
1160 3549 1208 3613 pru

173 3602 328 3687 legatum
372 3609 427 3687 qui
445 3601 553 3686 postea
580 3602 660 3666 civili
713 3619 863 3684 praetore
902 3604 1134 3677 administrans
1165 3618 1209 3676 St·

174 3684 260 3749 bello
295 3689 336 3749 ad
371 3688 511 3768 Pompeii
554 3708 659 3770 parter
714 3708 799 3748 mum
825 3685 958 3750 venisset.
992 3707 995 3712 ·
1025 3696 1106 3759 Fuit
1140 3703 1210 3761 enin

174 3768 299 3835 transiit.
328 3774 484 3835 Tribunus
498 3773 541 3854 pl.
557 3773 660 3857 legem
715 3774 824 3833 Samus
846 3776 877 3833 in
901 3779 1075 3854 provincie
1100 3785 1211 3866 Quinti.

173 3856 305 3937 tulerat,
339 3873 488 3941 praetore
511 3856 659 3933 Caesare,
715 3877 764 3937 ep.
791 3881 816 3919 ι.
842 3876 867 3920 t,
894 3854 980 3937 (hui.
1006 3864 1064 3928 ed.
1091 3888 1146 3952 ep.
1170 3890 1212 3951 29.

173 3958 209 4013 ut
228 3941 415 4019 sacerdotia,
438 3939 576 4024 collegiis
595 3963 663 4003 ere·
714 3944 742 4020 §.
765 3943 816 4022 9.)
859 3938 982 4006 llsanut,
1208 3956 1211 3961 '

172 4042 251 4107 pte,
307 4024 447 4110 populus
483 4027 659 4103 'manderen
756 4022 848 4088 Etst.
873 4028 982 4090 CLVI.
1045 4054 1076 4111 ι.Ι
1110 4034 1211 4100 adura!

173 4109 303 4215 Mareu
546 4108 550 4119 '
650 4106 658 4125 ‘
714 4048 803 4194 hcm&
823 4124 861 4172 ex
875 4107 947 4174 Alsa
970 4128 1007 4177 et
1022 4118 1144 4203 Epiro,
