2506 4808
301 324 584 396 EPISTOLA
630 325 781 393 XXVI.

999 346 1055 418 issr

58 503 63 517 ’
93 511 260 604 reipublicae,
284 537 384 601 quum
400 536 485 599 quae
501 515 681 579 exsecaret.
722 513 823 579 Nunc
839 537 937 590 vero,
955 540 1058 603 quum

96 624 208 702 equitatus
220 617 287 693 ille,
309 639 409 702 quem
426 638 490 702 ego
513 622 548 680 in
572 616 659 682 cliuo
675 616 888 704 Capitolino,
908 630 943 681 te
965 619 1059 707 signi·

53 756 63 768 -
94 718 145 782 iero
168 738 194 781 au
215 724 380 806 principe,
428 717 647 791 collocaram,
680 716 831 783 senatum
859 717 1057 805 deseruerit;

53 831 68 870 Ν
94 817 164 883 austri
178 832 268 883 autem
289 824 462 908 principes
486 818 594 903 digito
616 816 647 880 se
669 816 802 881 coelum
821 831 943 906 putent
964 828 1059 887 attin·

57 926 70 971 t
93 938 162 1004 gere,
177 916 193 982 s
208 920 295 985 mulli
317 922 448 984 barbati
467 924 502 983 in
519 917 655 1005 piscinis
678 915 758 992 sint,
780 925 837 1002 qui
860 921 1059 989 arimenum

53 1036 61 1071 s

53 1111 72 1173 3,
96 1146 101 1155 ,
122 1124 249 1186 sumptae
261 1107 433 1190 exsecaret]
468 1109 517 1166 Ci-

93 1206 129 1249 aaa
141 1197 195 1251 suin
211 1195 393 1274 populares,
415 1196 515 1252 minus

65 1274 317 1352 ‘mimantem
359 1298 440 1358 quos
465 1277 516 1337 alii

70 1356 72 1361 ’
94 1372 138 1439 pua
150 1356 268 1441 sapientes
282 1378 514 1446 oppugnarent,

52 1440 67 1479 ⁰
96 1444 329 1525 qupuuusstudio
345 1447 460 1519 lenire,
484 1461 516 1506 et

52 1543 66 1579 u
97 1522 512 1612 ufficiuquodamadreipubl.

52 1645 61 1682 ι
96 1618 359 1689 μιαιεαηεάηοειο.
387 1617 515 1678 Itanon

69 1692 163 1773 [uisus
181 1701 411 1782 improbandus,
449 1706 514 1782 qui,

96 1778 186 1857 §lisia
204 1791 337 1859 ciuitate,
368 1783 454 1866 quasu
483 1791 515 1847 in

96 1878 181 1943 sipara
192 1869 322 1932 uitiosum
340 1867 393 1943 ess,
410 1868 515 1930 sanare

52 1945 60 1980 l
95 1942 241 2031 ilnpuuus
256 1976 350 2037 quam
366 1953 514 2016 exsecare.

52 2024 73 2083 :it
114 2041 282 2112 antuniana,
307 2041 434 2101 Catonis
452 2040 517 2100 ma'·

51 2124 76 2188 fu
92 2112 155 2186 Μ»
172 2119 346 2185 seueritatem
369 2144 451 2204 quae
470 2127 515 2185 rei

53 2196 273 2287 repullatoceret.
317 2205 438 2267 Manus.

75 2328 76 2335 κ
93 2290 219 2360 teutsinus
232 2297 282 2352 ille
296 2292 310 2376 ]
335 2298 454 2374 equites
463 2312 516 2352 ro-

93 2373 156 2442 fflls
172 2395 236 2457 quoa
249 2400 310 2463 ego
326 2377 432 2439 consul
446 2398 514 2438 cum

65 2450 71 2461 ’
137 2467 376 2524 tuconiunxeram.
395 2458 514 2523 Manus.

117 2537 137 2591 it
155 2546 212 2606 cliuo
241 2544 440 2630 Capitolino]
483 2551 516 2606 in

92 2617 329 2704 oeconomiae,
349 2634 515 2693 adradices

89 2695 213 2789 diligentis
228 2717 387 2798 Capitolii,
408 2737 470 2797 qua
484 2721 518 2777 iu

92 2784 140 2846 ‘iss
150 2801 234 2863 consul
248 2807 360 2864 Cicero
377 2799 516 2862 senatum

50 2888 63 2940 2.
90 2870 203 2964 missua,
223 2889 298 2968 quid
319 2889 358 2946 de
374 2891 516 2946 coniura-

50 2991 64 3028 :u
84 2958 113 3011 Ἢ
131 2958 295 3045 deprehensis
320 2969 516 3031 statuendum

50 3088 51 3092 ,
90 3034 206 3131 sistulum
221 3077 317 3138 quum
328 3061 420 3115 etiam
431 3059 518 3134 equi-

89 3126 117 3179 s*
140 3129 278 3203 Romanos
324 3137 517 3202 adhibuisset.

50 3241 65 3280 u
89 3199 266 3286 selinusium
283 3227 343 3285 suit
358 3230 422 3284 eius
443 3244 518 3284 con-

50 3336 51 3342 *
88 3293 519 3389 “sitaquueinterequiteset

50 3400 58 3450 's
84 3364 409 3455 ffisunesuconsocuua.
430 3390 518 3455 Mun.

88 3448 169 3548 semp,
192 3480 358 3563 allegorice
379 3479 520 3559 loquitur

573 1107 681 1186 Quum
699 1121 730 1166 te
744 1120 892 1189 quoque,
912 1111 1059 1192 equestris

574 1191 691 1251 ordinis
711 1196 902 1273 principem,
925 1197 967 1256 ad
988 1221 1058 1259 earn

574 1274 830 1337 consultationem
841 1278 977 1341 adhibui.
995 1285 1058 1346 Sed

572 1357 702 1440 persistit
711 1360 822 1422 Cicero
838 1366 870 1424 in
884 1367 1058 1429 translatio-

572 1465 612 1506 ne
632 1449 678 1505 sei
697 1445 850 1510 militaris:
874 1465 905 1509 et
924 1457 997 1532 quia
1012 1453 1058 1514 di·

571 1545 676 1600 xerat,
699 1535 864 1610 equitatus,
885 1537 1005 1608 intulit,
1026 1553 1058 1599 te
1139 1612 1143 1622 Ι

571 1612 734 1696 signisero:
757 1635 853 1696 quunu
877 1617 951 1678 nihil
973 1622 1058 1684 aliud

571 1697 735 1781 significet,
762 1721 874 1780 quam,
896 1708 929 1763 in
952 1704 1057 1768 senatu

572 1788 725 1854 Atticum,
753 1790 806 1865 qui
823 1792 994 1868 principem
1010 1791 1058 1851 lo·

573 1888 644 1928 cum
668 1868 784 1928 ordinis
809 1869 956 1951 equeslris
978 1874 1058 1936 obti-

571 1968 678 2019 neret,
704 1973 773 2013 curn
796 1962 924 2017 caeteris
948 1964 1058 2048 equiti·

572 2037 629 2097 bus
651 2034 779 2098 assuisse.
830 2037 950 2101 sisarum.

569 2178 572 2185 ,
607 2124 744 2197 senatuum
770 2126 955 2209 deseruerit]
998 2127 1057 2190 scil.

573 2206 740 2267 disiunctus
764 2209 803 2268 nb
825 2231 864 2271 eo
887 2233 945 2290 per
964 2234 1058 2297 nega·

572 2307 637 2351 tum
665 2290 720 2352 fibi
741 2292 948 2356 remissionem
972 2300 1058 2360 loca·

572 2381 665 2436 donia
694 2378 892 2461 vectigalium
924 2382 966 2442 de
995 2405 1058 2463 qua

571 2461 665 2539 supra
729 2481 779 2542 ep.
815 2484 872 2536 22,
908 2479 939 2539 5.
1001 2466 1057 2527 Er·

573 2547 656 2621 nesti.

578 2638 581 2645 '
615 2632 708 2704 utusrri
744 2645 842 2690 autem
879 2637 1057 2721 principes]

573 2716 730 2794 Principes
747 2723 825 2779 ciues
842 2719 1004 2794 Lucullus,
1026 2742 1059 2783 et

572 2797 771 2871 Hortensius,
799 2807 986 2881 piscinarum
999 2805 1059 2867 stu-

574 2882 653 2944 diost
674 2904 722 2963 ep.
741 2895 840 2961 25,8.
876 2886 995 2949 uldanur.
1043 2901 1046 2906 '

615 2971 702 3026 rruusli
736 2968 877 3053 barbari]
939 2975 1058 3038 Mullos

575 3052 674 3113 dictos
690 3075 705 3112 a
721 3055 1058 3133 mullis'calceamentis,

575 3137 616 3197 de
630 3139 741 3218 quibus
755 3139 857 3200 Festus
865 3185 875 3213 ,
898 3160 929 3202 et
945 3146 1058 3207 Plinius

573 3221 656 3282 libro
671 3225 726 3282 IX.
743 3244 811 3303 cap.
830 3246 877 3304 ¹7·
898 3249 934 3286 ex
949 3230 1058 3292 Fenes-

575 3307 669 3367 tellae
686 3306 874 3373 testimonio.
906 3313 1058 3378 Barbaros

575 3407 680 3452 autem
706 3394 816 3453 Cicero
841 3414 949 3469 vocat,
974 3407 1058 3480 quia,

578 3478 664 3557 quod
691 3479 773 3535 ident
799 3478 913 3541 Plinius
943 3482 1060 3546 ibidem

59 3622 61 3635 p
89 3536 174 3631 cl⁹⁸¹0,
204 3565 344 3624 alludens
375 3565 415 3622 ad
443 3563 521 3623 illud
577 3563 689 3635 trudit,
725 3561 820 3624 barba
841 3570 963 3646 gemina
983 3573 1060 3630 inse-

49 3650 57 3659 ”
88 3618 185 3717 sctum,
233 3649 322 3730 quod
361 3650 520 3708 Manutius
577 3652 662 3706 riore
707 3646 798 3707 labro
844 3647 1060 3732 insigniuntur.

53 3750 56 3783 s
88 3724 280 3808 cum1ueruorut3
322 3746 355 3791 et
384 3729 521 3793 universe

49 3812 61 3873 s
89 3784 129 3857 l⁰⁰
148 3807 291 3897 igniscat:
327 3838 411 3894 quem
440 3820 519 3874 ordi-

49 3920 58 3956 u
90 3895 245 3976 'fmtquitum
255 3924 311 3979 ego
324 3898 444 3961 &uatus
455 3923 520 3958 coru·

49 4003 58 4039 p
90 3968 222 4047 culinarum,

117 4062 268 4143 “sanifera
277 4115 287 4146 ,
315 4093 351 4130 ac
364 4067 522 4151 principe]

577 3730 699 3790 Eodem
720 3732 820 3791 inodo
842 3735 924 3794 idem
950 3740 1060 3799 Cicero

578 3816 689 3875 Parad.
713 3817 750 3875 V.
787 3813 978 3895 Barbatulos,
1008 3828 1060 3896 uit,

578 3904 716 3958 massulos
734 3903 770 3958 de
783 3905 893 3976 piscina
907 3918 1060 3980 exceptan-

578 3996 650 4043 tem.
701 3982 819 4044 Manus.

621 4074 653 4128 ira
667 4070 785 4145 piscinis
798 4069 885 4152 siut]
925 4071 962 4131 Id
977 4077 1063 4153 quod

902 4166 918 4226 I
941 4191 959 4231 a
