2506 4808
131 308 194 376 2⁶»
433 294 715 377 EPISTULA
762 304 853 375 Lu.

131 514 197 563 nus
219 494 474 584 circumgestat)
500 498 689 563 renuntiari
719 496 803 569 tibi,
839 482 1032 565 Licinium·

133 602 223 662 rium
244 618 322 661 cum
343 594 400 661 suo
418 596 513 687 pullo
535 597 675 664 milvino
694 598 821 664 tributa
842 596 1009 687 exigere?
1026 600 1040 665 l

133 717 235 787 rogas
252 696 408 771 Fabium,
429 709 469 765 ut
489 708 524 761 et
544 710 693 785 patrem,
714 709 749 762 et
772 695 880 762 filium
903 704 1005 767 vivos
1026 724 1040 767 c

134 812 204 873 rat,
224 796 374 888 fiposfit:
398 798 444 866 sm
458 805 590 874 minus,
612 798 652 863 ad
666 812 701 864 te
719 804 844 875 mittat,
865 807 915 866 uti
931 802 1038 870 iudici

133 902 309 969 burantur.
350 900 422 968 Hae
444 901 563 968 literae
588 902 648 967 abs
668 914 704 966 te
718 922 781 991 per
801 906 918 968 iocum
933 903 1040 970 missae

134 998 293 1075 Fabium,
315 1000 336 1066 li
359 1007 462 1070 modo
484 1004 560 1071 sunt
579 1017 676 1077 tuae,
696 1024 800 1088 quum
821 1001 998 1093 leguntur,
1026 1012 1040 1072 i

136 1099 205 1166 sam
224 1109 435 1170 atrocitatem
450 1110 636 1173 verborum
656 1104 795 1169 habeut.

105 1232 135 1301 4Ι
223 1200 338 1277 Ac,ii
361 1213 513 1273 omnium
536 1231 686 1275 mearum
712 1204 890 1272 literarum
909 1226 1040 1295 praece]

136 1316 253 1394 petes;
274 1307 465 1397 intelliges,
487 1308 571 1376 nihil
595 1302 660 1376 else
681 1328 700 1373 a
720 1328 793 1382 me,
812 1304 872 1373 nili
894 1312 1041 1374 orationi

136 1404 306 1481 bitatern,
323 1420 357 1472 et
381 1412 608 1487 iracundiam,
640 1425 691 1486 et,
713 1408 735 1474 fi
756 1410 863 1484 forte,
883 1430 965 1475 raro
987 1408 1040 1474 litt

132 1506 307 1574 'missarum
327 1509 573 1599 indiligentiam
586 1510 833 1603 reprehensam.
878 1508 1015 1602 Quibus
1029 1530 1040 1592 t

130 1613 173 1677 'in
187 1610 288 1674 rebus
305 1607 326 1673 li
341 1611 429 1699 apud
445 1624 479 1676 te
492 1612 568 1701 plus
582 1618 766 1679 auctoritas
781 1632 874 1686 ntea,
898 1623 1040 1697 quam-n

131 1718 258 1777 'natura
270 1710 382 1799 paullo
399 1717 521 1787 acrior,
543 1712 605 1780 sive
621 1715 784 1799 quaedam
801 1712 948 1779 dulcedo
961 1718 1040 1778 iract

131 1807 202 1876 'sive
218 1811 354 1875 dicendi
369 1810 428 1886 sal,
450 1812 671 1898 facetiaeque,
689 1813 856 1888 valuisset,
879 1810 964 1877 nihil
980 1812 1040 1879 san«

131 1897 229 1996 'quod
249 1933 314 1977 nos
341 1918 544 2000 poeniteret.
587 1916 632 1980 Et
653 1904 817 1981 mediocri
840 1932 896 1978 me
919 1914 1037 1983 dolore

127 2010 246 2086 affici,
264 2034 368 2095 quum
390 2013 542 2089 audiam,
572 2038 637 2099 qua
657 2015 695 2081 fit
718 2015 962 2081 existimatione
982 2016 1040 2081 Vir

128 2117 203 2197 'qua
224 2126 302 2178 tuus
328 2120 458 2180 vicinus
480 2116 545 2180 Cn.
569 2113 757 2183 Octavius?
779 2112 869 2182 Nam
892 2113 913 2179 fi
937 2128 974 2181 te
996 2122 1040 2182 int

125 2205 204 2277 'bus
222 2218 341 2281 vicinis
357 2223 444 2291 tuiS,
465 2214 652 2293 Ciliciensi,
675 2230 709 2284 et
723 2214 865 2311 Syriaco
882 2225 1041 2307 anteponi

139 2312 183 2380 de
199 2336 359 2406 magnum
375 2318 471 2384 lacis.
515 2317 629 2402 Atque
643 2324 673 2386 is
690 2318 789 2384 dolor
803 2317 868 2393 est,
891 2319 985 2403 quod
1000 2341 1040 2407 qu

178 2626 382 2710 plagiarium]
401 2645 516 2709 nempe
528 2646 623 2710 quae·
679 2628 849 2705 iunguntur
881 2622 923 2687 de
958 2625 1040 2689 iirde:

135 2704 215 2771 llum
250 2712 384 2771 saciabat
419 2733 456 2772 ex
486 2712 623 2772 emendia
680 2710 788 2773 dubio.
893 2732 896 2743 ·

136 2796 369 2877 vendendiaque
384 2800 554 2877 mancipiis.
583 2798 623 2856 E·
722 2806 753 2872 4.
782 2794 1036 2881 indiligentiam]

136 2881 272 2943 iurmodi
301 2886 513 2961 negotiatores
537 2902 623 2942 men·
677 2879 917 2963 negligentiam,
950 2895 982 2940 et
1010 2886 1040 2941 in

137 2983 254 3047 gouer,
289 2980 320 3026 et
341 2962 364 3025 si
385 2964 499 3027 liberor
523 2964 623 3026 homi·
677 2968 709 3024 in
729 2964 824 3024 literis
851 2960 1019 3027 scribendis

52 3088 55 3093 ,
135 3066 191 3107 nea
214 3049 405 3122 vendebant,
439 3050 527 3133 quod
549 3055 622 3111 veti·
677 3054 805 3110 tionem.
930 3048 933 3055 “

136 3143 202 3190 tum
238 3150 304 3194 erat
330 3135 469 3218 legibue,
503 3139 620 3215 plagia·
721 3131 874 3217 valuisset]
917 3132 1040 3214 Optime

135 3216 177 3274 rii
195 3218 395 3284 vocabantur.
672 3214 717 3279 fic
737 3218 834 3277 edidit
853 3215 1011 3281 Emolliur
1038 3242 1040 3251 ’

178 3322 243 3359 cum
270 3306 325 3379 suo
360 3306 442 3380 pullo
475 3302 620 3386 milvino]
676 3300 757 3362 tioso
809 3303 973 3377 ualuiffent.
1039 3293 1040 3301 ἵ

134 3386 258 3447 videtur
279 3385 367 3449 fuisse
388 3391 494 3449 Licinii
521 3387 621 3448 servu·
678 3390 759 3447 enim
787 3385 916 3448 verbum
942 3387 980 3448 eir
1002 3408 1040 3447 au

134 3468 200 3542 lua,
224 3488 278 3532 aut
293 3490 376 3534 certe
399 3494 504 3534 comer
520 3477 551 3533 in
572 3494 622 3532 ra·
676 3494 752 3534 mea.

117 3558 214 3635 'pinis
246 3555 309 3619 hoc
343 3563 493 3633 nomine3
533 3557 621 3617 addit
721 3552 869 3633 Cilicienfi
888 3564 919 3613 et
937 3550 1040 3633 Syriae

47 3678 51 3685 -
133 3639 241 3721 pullo,
264 3663 323 3723 per
336 3646 456 3714 iocum,
473 3642 514 3703 ad
530 3663 621 3722 rapa·
674 3637 802 3702 licienlla
819 3644 873 3723 qul
884 3640 979 3703 suerit
992 3651 1040 3729 lgr

134 3728 256 3786 citatem
285 3728 502 3801 indicandam,
546 3730 619 3808 quia
654 3728 818 3807 'Syriaeue
857 3724 916 3785 sult
950 3726 987 3787 L.
1029 3732 1040 3789 l

112 3809 226 3871 'milvii
241 3832 378 3893 rapaces.
408 3809 528 3872 Manui.
558 3812 620 3870 tte-
675 3809 753 3874 Phil.
768 3811 823 3872 xl.
847 3831 893 3870 12.
937 3806 1040 3891 Ernefl

132 3898 210 3956 ctiua
240 3912 343 3956 autem
372 3894 526 3957 Ernestius
554 3899 618 3971 pul·
718 3896 989 3983 vaidemagnum]
1013 3920 1040 3963 cr

130 3980 193 4037 lum
215 3981 357 4066 intelligit
377 3984 482 4043 Licinii
503 3979 618 4052 lilium,
675 3982 736 4044 nia.

131 4069 205 4148 quia
234 4070 308 4128 inor
346 4082 436 4148 pater
471 4081 503 4127 et
538 4063 618 4127 filius
