2506 4808
154 302 198 381 56
429 292 713 368 EPISTOLA
755 296 908 368 XCIX.

126 502 145 568 3
238 484 283 554 A.
306 485 430 553 dvm
451 486 497 553 id.
510 485 611 551 Febr.
627 485 712 552 Milo
729 486 836 552 attuit.
879 484 979 551 Dixit
993 484 1194 578 Pompeias,

157 588 221 658 live
238 590 355 655 voluit.
401 588 506 663 Nam,
527 602 566 655 ut
588 588 751 663 surrexit,
770 606 892 674 operae
916 586 1107 657 Clodianae
1133 593 1196 659 cla·

154 712 285 758 morem
308 687 527 756 sustulerunt:
550 689 653 773 idque
674 692 704 754 ei
726 698 888 776 perpetua
911 694 1068 756 oratione
1085 698 1196 760 conti·

155 799 222 883 git,
242 814 311 856 non
335 790 437 856 modo
460 803 498 854 ut
520 788 777 863 acclamatione,
811 786 865 852 led
887 800 923 853 ut
944 795 1126 868 convicio,
1163 807 1197 863 et

152 892 342 960 maledictis
363 890 598 979 impediretur.
643 888 710 982 Qui
731 900 770 954 ut
785 894 956 976 peroravit
971 925 1008 941 ·—
1033 897 1140 975 (nam
1159 902 1195 965 in

154 1016 194 1061 eo
218 995 293 1060 lane
316 995 415 1059 fortis
438 993 517 1076 iuit3
551 1013 621 1059 non
642 989 689 1057 eit
709 989 911 1075 deterritus;
947 991 1037 1058 dixit
1058 1004 1196 1077 omnia,

154 1110 253 1182 atque
269 1095 442 1162 interdum
457 1098 556 1159 etiam
574 1091 719 1173 lilenti03
740 1114 818 1156 cunt
839 1099 1040 1161 attetoritate
1059 1095 1196 1191 semper

155 1204 311 1286 egerat3)
334 1195 388 1262 sed
404 1207 440 1262 ut
454 1199 642 1284 peroravit,
661 1190 807 1259 surrexit
817 1192 972 1261 Clodius.
1017 1198 1058 1264 Ei
1072 1213 1194 1271 tantus

155 1299 285 1366 clamor
308 1321 325 1362 a
348 1295 469 1362 rmltris
495 1295 690 1385 (placuerat
712 1301 800 1363 enim
816 1295 945 1363 referre
958 1306 1138 1391 gratiam)
1157 1318 1195 1372 ut

154 1412 421 1484 retinemento,
458 1418 568 1481 neque
588 1394 719 1482 lingua,
758 1414 869 1480 neque
895 1418 956 1463 ore
981 1398 1194 1471 consisteret.

153 1499 203 1567 Ea
225 1521 281 1567 res
307 1512 380 1565 acta
396 1497 459 1573 eit,
482 1520 585 1582 quum
609 1494 693 1562 hora
710 1514 750 1562 vr
767 1502 825 1564 vix
839 1494 1016 1586 Pompeius
1039 1503 1197 1589 peroras.

155 1601 214 1676 let,
236 1620 343 1684 usque
359 1599 399 1664 atl
415 1598 627 1672 boramvru,
649 1620 753 1682 quum
773 1604 887 1665 omnia
903 1599 1097 1682 maledicta,
1122 1624 1198 1672 ver*

155 1700 208 1768 sus
229 1705 329 1766 etiarn
344 1698 587 1765 obscoenilstmi
608 1704 644 1763 in
660 1698 838 1774 Clodium,
864 1714 898 1766 et
919 1701 1078 1768 Clodiam
1105 1705 1198 1772 dice·

156 1815 287 1869 rentur.
342 1798 401 1866 llle
424 1800 562 1874 furens,
601 1814 634 1864 et
658 1796 829 1886 exsanguis
853 1805 1090 1890 interrogabat
1117 1805 1196 1872 suos

153 1909 190 1970 in
206 1902 352 1968 clamore
368 1899 456 1991 ipso,
478 1906 553 1986 quis
576 1896 674 1972 esset,
696 1904 751 1983 qui
768 1898 901 1985 plebem
922 1900 1012 1966 lame
1028 1903 1197 1972 necaret?

154 2004 414 2094 Respondebam
435 2022 576 2093 operae,
599 1998 795 2090 Pompeius.
841 1999 925 2094 Quis
943 1999 1198 2077 Alexandriam

193 2305 223 2370 3.
241 2292 309 2371 fine
332 2292 449 2378 noluit]
470 2290 501 2355 lt.
525 2313 552 2355 e.
575 2312 643 2357 non
700 2302 819 2354 exercet
835 2314 940 2353 raucos
960 2298 1053 2356 tertie
1069 2298 1196 2376 cattfidt'.

150 2382 256 2461 potuit
277 2384 320 2441 ita
342 2381 463 2453 dicere,
483 2394 518 2441 ut
539 2379 658 2460 exspo·
700 2400 759 2440 aas.
783 2416 811 2430 -
840 2374 961 2437 Manat.

151 2478 249 2527 cieret
275 2460 306 2525 l'e
332 2466 502 2538 dictarum,
541 2480 577 2524 ιιι
599 2481 644 2526 et·
746 2460 907 2609 wiern}
931 2466 964 2524 P.
982 2461 1087 2525 Clodii
1105 2461 1198 2530 loto·

150 2563 237 2613 rente
264 2563 295 2610 et
321 2547 385 2613 line
406 2549 644 2632 perturbatione
700 2566 778 2624 rem,
799 2568 868 2611 eam
908 2546 1049 2621 etribut,
1072 2565 1107 2610 ut
1124 2556 1198 2632 opi·

138 2628 320 2697 'audiretur
700 2652 780 2707 nor,
819 2654 900 2717 quae
924 2633 964 2716 Q.
987 2632 1112 2695 Metelli
1138 2637 1199 2699 Ce-

186 2722 306 2797 semper
333 2715 460 2800 egerat]
501 2715 546 2778 lte
574 2719 643 2780 Ma·
700 2719 771 2781 lerit
799 2738 876 2780 utor
907 2733 982 2778 eret.
1025 2718 1108 2780 Nem
1142 2719 1198 2784 etfi

150 2809 253 2866 nutius
289 2797 359 2881 poll
395 2802 519 2862 Petrum
539 2802 644 2864 Dane·
699 2805 840 2885 reliquae
868 2807 943 2864 item
975 2803 1074 2876 duee,
1112 2825 1196 2880 una,

23 2894 29 2905 ¹
149 2885 224 2949 imm
242 2886 410 2969 legendum
427 2886 551 2953 censuit.
566 2889 644 2950 Vul-
701 2907 783 2970 quea
801 2889 841 2968 Q.
858 2890 980 2949 Marcio
999 2887 1095 2970 Regi,
1117 2885 1197 2953 elte-

149 2992 193 3056 go
224 2982 394 3049 peregerat.
437 2973 561 3056 Nempe
585 2993 644 3055 op·
700 2993 753 3046 ra,
776 2973 913 3056 quael..
936 2972 1070 3035 Lucullo
1093 2973 1198 3038 colla»

149 3058 494 3138 ponantnrt'merdam,
517 3074 549 3119 et
565 3060 642 3135 sem·
702 3073 771 3120 crte
808 3059 927 3130 lueret,
972 3056 1054 3117 mele
1086 3061 1197 3123 audie·

148 3160 213 3218 per.
251 3141 410 3202 Interdum
430 3148 510 3205 enirn
528 3143 645 3205 clamo·
703 3144 778 3204 bant
806 3143 1018 3223 impudicitiae
1046 3149 1197 3222 nomine,

148 3244 198 3288 ret
237 3227 465 3289 Clodianorum
518 3234 644 3310 quiete·
701 3227 779 3288 heec
812 3245 917 3288 tamen
943 3225 1064 3287 Metelli
1100 3244 1198 3304 uxor,

148 3324 238 3388 rent3
264 3325 294 3372 et
309 3310 354 3374 hie
371 3313 445 3374 licet
462 3311 645 3394 obstrepen-
702 3328 798 3396 quam
841 3315 1091 3392 quadrantariam
1134 3313 1199 3379 eff·

148 3395 230 3457 tibur
248 3398 492 3477 sempertemen
509 3399 645 3458 auctori·
702 3397 892 3479 appellatam
920 3395 1104 3458 Plutarchus
1134 3416 1198 3463 tra·

148 3496 244 3541 tatem
271 3497 302 3542 et
326 3481 529 3546 constentiam
551 3484 644 3543 Pom·
701 3485 765 3556 dit,
791 3483 908 3560 (etCic.
926 3501 986 3560 pro
998 3482 1111 3544 Coelio
1130 3488 1197 3567 29.)

146 3570 236 3647 peiut
259 3573 367 3628 tenuit.
700 3562 1025 3646 irtsemiapraestebat.
1049 3563 1177 3631 Manat.

190 3672 281 3733 aeque
307 3652 382 3737 ore]
414 3671 512 3734 quum
533 3653 645 3711 immtt·
736 3650 978 3734 famerteearet]
1002 3650 1088 3733 quali
1104 3655 1201 3717 Pom·

147 3749 227 3799 tator
253 3739 344 3800 color
367 3740 478 3798 mentia
509 3733 646 3795 solicitu-
700 3743 807 3817 peior,
831 3741 885 3818 qui
908 3739 953 3796 rei
973 3737 1201 3804 frumentariae

146 3820 250 3882 dinem
269 3824 430 3884 indicaret.
476 3816 601 3878 Manat.
641 3856 644 3861 -
701 3819 874 3904 precedet.
894 3823 1086 3882 frumentum
1110 3844 1201 3888 com·

187 3907 447 3990 horav1]tertie
476 3904 540 3964 diei
563 3904 644 3969 hora
700 3910 863 3989 primeret.
912 3900 1033 3966 Manat.

143 3992 332 4053 iudiciorum
351 3994 545 4069 etntprima.
576 3990 644 4052 Do·
747 3989 965 4050 Alexandriam
999 3989 1065 4073 ire]
1112 3990 1202 4074 aelii·

144 4093 194 4139 cet
210 4076 272 4138 hoc
287 4076 440 4136 Martialis
455 4075 508 4136 ille
525 4075 643 4140 versut:
702 4076 813 4141 tuendi
822 4073 1201 4141 Ptolemaetaaatantaa
