2506 4808
332 335 621 406 EPISTULA
666 334 855 403 CLVIII.

1044 354 1116 421 5¹7.

80 540 147 623 ‘per
169 553 224 596 me
249 531 429 595 deterruit.
495 523 606 596 Vcttt,
644 522 749 596 nolit,
783 525 869 586 scire
894 517 1032 584 difficile
1055 516 1113 583 est.

85 913 155 953 cum
171 888 237 951 illo.
280 886 572 949 Namhicverbum

87 978 232 1037 deterruit
277 974 446 1058 significat,
502 995 572 1032 eutn

87 1064 176 1144 quod
195 1059 365 1133 institueret
388 1061 427 1119 de
444 1060 575 1118 dictatu·

85 1170 138 1220 ra,
163 1141 311 1216 omifiss'e3
328 1149 359 1204 itt
375 1142 503 1224 epistola
522 1144 574 1202 illa

86 1237 133 1295 Μ.
155 1231 256 1292 Coelii
283 1232 512 1313 promulgatum
534 1238 574 1288 ab

87 1340 127 1378 eo
145 1319 297 1377 dictatore
312 1315 413 1398 legem
429 1313 573 1394 scripturn

88 1402 140 1462 eit.
192 1402 397 1480 Eundemque
434 1402 573 1460 credide-

87 1494 143 1548 rim
162 1483 222 1546 esse
237 1485 379 1544 Coelium
396 1483 479 1544 illum
489 1526 498 1556 ,
519 1488 573 1562 qui

62 1570 64 1574 Α
87 1572 207 1631 ltb.1V.
228 1571 267 1630 de
290 1570 373 1630 bello
397 1571 474 1630 civili
505 1564 573 1626 Vin·

88 1663 188 1714 cinnns
221 1671 366 1726 vocatur,
408 1653 571 1727 mendose,

79 1763 148 1822 ·pro
182 1738 357 1798 Licinianus.
408 1740 573 1799 Praeterea

81 1826 244 1885 tribunum
253 1825 352 1904 plebis
363 1821 444 1883 hunc
458 1824 572 1883 eodem

89 1930 172 1969 anno
197 1930 265 1969 cum
288 1913 323 1968 C.
347 1911 440 1968 Hirro
468 1906 573 1980 luisse,

88 1998 162 2055 ideo
178 1993 325 2054 credibile
343 1992 402 2066 est,
426 2000 499 2073 quia
520 2014 574 2053 eo·

90 2088 161 2139 dam
178 2084 269 2138 etiam
285 2100 369 2138 anno
385 2079 574 2138 aedilitatem

89 2163 176 2225 simul
192 2166 316 2224 biennio
327 2161 397 2244 post
409 2169 574 2242 petierunt.

89 2250 188 2330 Quod
211 2272 246 2309 ex
271 2270 324 2317 eu,
362 2270 453 2328 quam
476 2253 574 2307 nomi-

88 2339 175 2406 navi,
192 2337 234 2394 tt.
246 2333 346 2393 Coelii
359 2331 486 2411 epistola
502 2354 576 2392 con·

89 2419 155 2479 slat.
214 2420 256 2479 Ut
285 2423 443 2486 omittam,
487 2418 576 2498 quod

90 2503 172 2564 huuc
191 2502 307 2582 ipsum,
343 2507 397 2584 qui
418 2504 458 2564 de
481 2505 575 2562 dictu-

91 2604 161 2649 tore
191 2589 345 2668 Pompeio
375 2593 454 2670 egit,
491 2585 577 2645 Luci·

90 2677 163 2732 lium
178 2674 269 2733 video
284 2672 368 2751 apud
379 2671 578 2732 Plutarchum

89 2763 260 2830 nominari,
286 2773 321 2817 ut
346 2755 491 2815 Liciniani
519 2778 576 2818 no·

90 2853 163 2903 rnen
192 2851 225 2903 in
248 2844 462 2917 Vicinianum,
502 2843 577 2903 Vin·

92 2935 191 2999 cium,
213 2927 361 2987 Lucilium
385 2928 427 2987 ob
444 2925 577 2987 similitu-

90 3016 194 3072 dinem
209 3013 299 3072 facile
309 3015 449 3072 videatur
464 3009 576 3073 abiisse.

90 3100 204 3177 Neque
226 3112 304 3156 vero'
326 3099 496 3185 quidquam
520 3098 578 3157 ob·

84 3181 164 3258 slat,
187 3202 240 3239 cur
260 3180 314 3240 etfi
330 3183 455 3242 Coelius
478 3204 513 3241 ex
529 3184 578 3240 Li·

91 3273 173 3327 cinio
188 3264 223 3325 stt
238 3268 337 3326 sacius
347 3273 458 3346 prioris
473 3284 578 3327 tannen

91 3352 225 3419 seruiliae
249 3351 427 3412 nominibus
462 3348 578 3428 Craffns

95 3435 579 3516 Licinianusappellerinonpos-

91 3521 135 3590 fit.
176 3526 257 3581 Nam
283 3527 435 3602 Scipionis
460 3540 578 3605 cogno·

91 3626 163 3665 men
185 3613 311 3666 retinuit
334 3613 374 3677 is,
398 3612 452 3687 qui
471 3610 579 3690 Magni

92 3690 235 3770 Pompeii
254 3692 341 3753 socer
361 3693 435 3763 fuit,
461 3697 514 3772 qui
533 3708 579 3750 ta·

90 3795 164 3833 men
195 3777 364 3842 Caecilius,
405 3774 578 3856 adoptante

91 3859 226 3918 Metello
255 3862 329 3933 Pio,
362 3861 461 3921 suctus
495 3877 578 3934 erat,

92 3959 124 4002 ct
148 3944 308 4016 Lucullus,
343 3945 493 4014 fraterl...
519 3948 576 4005 Lu·

87 4027 181 4099 culli,
202 4048 301 4109 quum
314 4031 479 4091 Terentius
500 4033 578 4090 Vdu-

87 4131 132 4175 ζω
154 4132 217 4194 {ier
245 4115 452 4196 udnptionem
469 4115 576 4177 iactu

630 883 721 959 esset,
755 885 900 969 Lucullus
930 903 1033 948 tamen
1052 909 1117 950 uno

630 976 820 1054 cognomine
848 969 977 1043 omisso,
1016 991 1119 1035 vetere

631 1056 829 1126 conservato,
843 1063 1029 1116 nominatur.
1048 1057 1118 1120 Μα-

630 1154 693 1202 nui.
735 1140 902 1200 Lambinus
925 1158 1030 1202 tamen
1052 1146 1119 1203 vul·

631 1245 734 1311 getam
761 1227 917 1298 defendit,
953 1233 1120 1291 auctorita·

630 1330 663 1372 te
679 1313 813 1372 duorum
828 1333 994 1373 numerum
1009 1334 1120 1395 argen-

629 1412 771 1467 teorum,
820 1419 900 1479 quos
931 1396 995 1476 ipse
1021 1396 1118 1459 oculis

629 1483 839 1556 usurpaverat.
885 1487 982 1542 Unius
1005 1481 1119 1542 horum

629 1584 797 1628 nuntorunt
835 1571 865 1627 in
898 1573 996 1627 antica
1028 1585 1120 1648 parta

629 1652 752 1712 incisum
778 1668 844 1712 erat
865 1653 1003 1712 Termini
1025 1668 1120 1733 caput

624 1748 723 1798 curn*
750 1734 809 1795 hac
855 1735 1052 1816 inscriptione
1087 1758 1119 1812 Q.

628 1842 825 1882 moranus
884 1843 969 1881 utus
1016 1845 1119 1884 sote.

629 1929 705 1966 tate.
729 1912 760 1966 in
785 1902 901 1986 postica
926 1906 998 1966 sella
1029 1929 1120 1968 curu·

630 1993 665 2050 lis
689 2007 720 2051 ct
742 1990 830 2070 supra
855 2012 922 2049 earu
942 2013 1039 2050 cornu
1066 2014 1120 2053 co·

631 2084 702 2155 piae
732 2093 763 2135 et
795 2075 896 2134 bilanx
927 2075 1120 2137 transversttn

632 2162 758 2237 locata3
814 2160 968 2240 inscriptio
1019 2161 1119 2223 haec':
1161 2178 1162 2181 ’

634 2267 1120 2309 caass.1uu.nno.1²ttot³tt.

632 2333 765 2391 Alterius
783 2353 851 2408 pars
868 2337 965 2390 antica
982 2341 1121 2393 contine·

633 2416 686 2476 bat
704 2433 867 2493 tropaeum
883 2418 1120 2478 interlituutnet

623 2522 741 2560 urnam
753 2523 821 2560 cum
832 2498 890 2560 ltac
904 2501 1118 2580 inscriptione:

634 2608 672 2659 Q·
694 2605 995 2647 macrocosmus
1018 2608 1120 2648 sorr.

626 2692 715 2731 ⁴trau.
746 2669 862 2750 pollice
886 2693 960 2751 prae
985 2671 1013 2730 se
1040 2675 1122 2732 sere·

633 2757 688 2816 bat
702 2753 833 2838 effigiem
849 2757 979 2838 Cybeles
993 2764 1121 2819 turritae

633 2845 713 2902 inter
723 2839 835 2920 spicam
847 2857 878 2899 et
887 2844 1054 2901 caduceum
1073 2843 1121 2903 lo·

634 2943 712 2986 cate.
755 2925 1003 3004 Inscripti0.erat
1027 2927 1119 2990 haec:

628 3032 794 3071 -ctttssus
808 3033 879 3070 tun.
897 3030 1119 3073 uaoaaoen.

674 3118 729 3170 per
756 3117 803 3154 me
831 3096 1005 3178 deterruit]
1051 3119 1121 3159 mett

633 3200 732 3258 opera
751 3183 920 3261 Pompeius
941 3180 1059 3254 effecit,
1086 3199 1121 3244 ut

632 3283 759 3344 captum
782 3267 822 3324 de
849 3268 1000 3326 dictatura
1024 3264 1121 3329 confi·

633 3349 708 3409 lium
725 3347 845 3410 Crassus
861 3352 1019 3412 abiecerit.
1052 3355 1121 3415 Hoc

633 3440 735 3506 enim,
772 3452 802 3495 et
828 3456 909 3516 quae
934 3436 1120 3518 sequuntur,

633 3521 675 3580 ud
692 3523 894 3600 Pompeium,
914 3542 978 3581 nou
995 3524 1034 3581 ad
1053 3523 1122 3581 Hir·

634 3627 702 3665 rum
724 3610 867 3666 convenit
883 3608 1008 3680 referri„
1032 3605 1054 3665 fi
1076 3623 1122 3668 tu·

634 3711 708 3750 rnen
729 3695 753 3749 is
778 3689 838 3761 est,
862 3691 902 3749 de
922 3712 986 3771 quo
1002 3693 1122 3752 Pluton

630 3774 726 3844 chus,
769 3779 822 3856 qui
853 3780 929 3835 inito
964 3777 1122 3837 tribunatu
1204 3764 1208 3783 ¹

615 3868 699 3942 ,egit
718 3860 763 3919 de
781 3863 934 3920 dictatore
953 3863 1121 3940 Pompeio»

632 3948 762 4025 Opinor
784 3961 888 4004 tamen
911 3945 951 4005 ab
973 3967 1013 4007 eo
1030 3967 1121 4020 tuor,

632 4029 705 4110 poll
717 4034 825 4091 initum
834 4030 1034 4102 tribunatum,
1049 4052 1122 4112 pru·

629 4114 804 4200 uolgatam
823 4112 885 4179 eff·
903 4116 1007 4203 legem
1021 4117 1063 4179 dn
1076 4119 1122 4182 ‹ti-
