2506 4808
158 326 204 386 w
369 288 976 383 ut’1s‘rotnssnxxxvrn.

152 504 306 587 quierat
322 494 549 586 cupidissimus
566 501 652 570 mei,
676 490 876 573 sententiam
890 506 1021 589 primur
1035 514 1192 592 rogetus,

159 599 337 688 quaesivit,
358 600 438 684 quid
454 595 557 663 essent
577 600 614 660 in
630 595 848 663 decernendo
864 598 978 668 secuti.
1024 602 1117 670 Turn
1135 604 1190 670 M.

157 701 323 772 Lucullus
349 701 392 764 de
413 704 565 765 omnium
587 696 792 788 collegarum
815 699 978 769 sententia
996 704 1193 792 respondit,

60 848 64 857 ·
153 804 332 893 religionis
353 802 483 869 iudices
504 796 683 891 pontifices
706 799 819 875 fuisse,
838 801 925 891 legis
949 804 1113 872 senatum:
1138 804 1191 880 se,

158 919 195 972 et
207 903 355 993 collegas
372 904 448 970 suoe
468 903 510 968 de
524 903 686 990 religione
700 900 853 978 statuisse,
872 911 905 970 in
922 906 1036 974 senatu
1052 908 1095 972 de
1108 906 1191 996 lege

157 1007 354 1076 statuturos.
396 1004 512 1088 Itaque
527 1002 584 1069 suo
598 1008 739 1087 quisque
754 1000 878 1070 horum
890 1007 966 1073 loco
988 1009 1189 1075 sententiam

157 1119 319 1196 rogatus,
332 1105 439 1171 multa
452 1104 634 1170 secundum
648 1103 779 1168 causam
792 1104 988 1193 disputavit.
1011 1110 1128 1200 Quum
1145 1111 1190 1174 ad

85 1242 87 1251 v
161 1209 324 1276 Clodium
345 1219 483 1273 ventum
505 1205 571 1280 est,
599 1210 702 1295 cupiit
721 1206 811 1271 diem
834 1206 1046 1293 consumere;
1075 1233 1191 1296 neque

158 1315 191 1376 ei
208 1306 284 1373 finis
297 1306 347 1372 est
359 1307 484 1371 sactus:
510 1305 567 1373 sed
580 1319 705 1382 tamen,
726 1329 832 1394 quum
846 1306 947 1375 horas
967 1317 1030 1376 trie
1047 1313 1120 1377 sete
1138 1313 1189 1378 di·

100 1457 102 1460 -
157 1409 274 1484 risset,
300 1408 381 1475 odio
401 1420 437 1472 et
459 1406 599 1496 strepitu
621 1407 752 1477 senatus
774 1421 912 1476 coactus
929 1409 983 1475 test
1005 1411 1190 1495 aliquando

156 1531 330 1603 perorare.
371 1505 485 1601 Quum
507 1507 603 1576 fieret
622 1507 756 1575 senatus
779 1508 968 1576 consultum
996 1518 1033 1577 in
1058 1512 1193 1578 senten-

137 1635 139 1640 ·
159 1621 243 1682 tiam
263 1609 471 1696 Marcellini3
508 1612 666 1676 omnibus
695 1623 831 1701 praeter
858 1635 962 1678 unum
986 1611 1193 1678 assentienti-

158 1715 244 1790 hue,
278 1711 448 1780 Serranus
474 1708 670 1777 intercessu.
733 1709 788 1776 De
817 1711 1053 1779 intercessione
1076 1714 1191 1779 statim

157 1817 260 1886 autho
277 1812 433 1882 consules
455 1813 589 1880 referre
618 1823 816 1904 coeperunt.
857 1810 972 1907 Quum
1001 1813 1192 1882 sententiae

536 2042 805 2068 uuna—un·-

99 2290 101 2295 ,
157 2224 218 2288 liur
243 2221 392 2285 Lentulus
423 2218 641 2296 Marcellinus,
698 2216 874 2282 edebatur:
914 2222 1040 2303 quisque
1080 2221 1193 2281 horum

157 2310 277 2373 ordine
298 2309 436 2390 patricii,
461 2305 493 2366 h.
514 2328 542 2367 e.
567 2327 642 2367 con·
697 2310 773 2364 loco.
829 2303 912 2364 Sed·
928 2308 992 2364 ient
1023 2304 1192 2368 Corradus

156 2394 204 2461 sul
226 2391 399 2477 designetur
423 2413 493 2453 cum
507 2392 541 2451 L.
556 2391 642 2450 Mer·
698 2412 734 2450 ex
750 2405 810 2450 vet.
825 2388 907 2450 libro
922 2386 1060 2450 leudevit
1076 2389 1194 2454 lectio·

157 2486 208 2543 cio
238 2478 384 2558 Philippo
422 2481 476 2556 qui
506 2473 641 2538 Caesaris
697 2495 785 2537 nem:
805 2478 907 2556 itaque
919 2475 975 2549 suo
995 2476 1116 2552 quisque
1137 2480 1193 2536 ho·

156 2561 286 2648 Augusti
300 2565 420 2622 vitricus
434 2563 501 2620 snit.
521 2556 643 2622 Manat.
698 2563 859 2632 ruminor,
879 2575 909 2618 et
924 2556 964 2618 stc
975 2556 1085 2638 postea
1100 2562 1195 2624 Tun·

199 2651 313 2725 primus
332 2643 477 2728 rogetus]
505 2642 643 2728 defigne·
697 2644 800 2708 stelsur
819 2643 1037 2726 corrigendum
1060 2644 1194 2708 censuit.

155 2738 182 2796 ti
203 2735 284 2794 enim
303 2728 444 2795 consulet
465 2734 556 2808 primi
578 2729 643 2790 sen·
700 2765 705 2773 ·
740 2726 1196 2811 dirrrtcnnsumere]NeSCtum

156 2819 268 2880 tentiae
287 2810 490 2895 rogabuntur.
521 2810 642 2873 Manat.
698 2813 795 2874 fieret.
839 2811 964 2872 Licebat
992 2816 1073 2873 enirn
1100 2813 1195 2878 sene·

199 2902 231 2958 in
245 2900 350 2974 senatu
365 2899 409 2953 =de
430 2901 497 2975 lege
513 2901 641 2975 statutu-
699 2900 762 2960 tori
785 2912 817 2957 et
834 2917 929 2978 quent
950 2896 1003 2959 diu
1017 2896 1131 2972 vellet,
1159 2919 1194 2963 et

133 2984 229 3068 ror]
251 2978 426 3042 Tunstellur
440 3003 472 3062 p.
483 2993 534 3056 83.
555 2985 644 3044 addit
700 3001 761 3063 que
797 2982 838 3042 de
874 3001 910 3042 re
941 2981 1035 3041 vellet
1070 2983 1193 3051 dicere.

153 3090 222 3128 cum
234 3069 418 3143 senatoribus
437 3088 455 3125 e
468 3066 568 3142 libro,
588 3070 644 3150 qus
700 3065 916 3131 Geltltb.1v.
936 3086 963 3126 ο.
985 3085 1032 3129 to,
1063 3062 1196 3132 Manat.

151 3152 284 3216 dtubetet
297 3173 369 3209 cumv
371 3155 488 3228 senatu.
530 3153 593 3213 sed
609 3151 643 3212 id
738 3161 859 3226 praeter
903 3149 1011 3231 unum]
1061 3170 1198 3228 praeter

149 3237 447 3320 trigideredundnt.
492 3230 619 3313 Ernesti.
696 3233 803 3317 ipsum
817 3233 973 3296 Clodium.
1022 3229 1150 3299 Manat.

198 3325 300 3403 itaque
314 3324 368 3397 suo
392 3322 514 3402 quisque
538 3323 642 3380 storum
694 3349 698 3357 ·
742 3313 906 3400 Serranus]
958 3319 1028 3379 Sex.
1074 3322 1195 3387 Attltn'r

151 3407 242 3489 ¹lucer]
280 3407 406 3467 ordine:
439 3421 475 3466 ut
509 3409 642 3487 quicque
689 3404 847 3481 ¹Serranus
891 3399 1030 3463 tribunus
1074 3405 1194 3484 plebis.

155 3489 329 3552 honoribus
344 3489 557 3554 antecedebat.
573 3489 643 3548 Me·
700 3484 820 3549 Manat.

154 3574 298 3637 nisestunr
316 3580 359 3636 in
391 3575 498 3635 senatu
524 3572 642 3635 nullum
741 3569 877 3656 referre]
906 3565 980 3631 esset
1010 3574 1196 3641 intercessio

154 3659 353 3744 pontificatur
382 3657 518 3720 habitent
546 3661 643 3717 retio-
699 3678 718 3718 e
738 3679 774 3717 re
787 3657 910 3737 publice
927 3660 1054 3718 necne.¹
1081 3661 1199 3738 Quum

154 3749 281 3808 nemin
301 3744 448 3827 rogandis
470 3741 644 3812 sententiir,
700 3746 782 3802 enim
794 3760 860 3800 non
875 3735 936 3798 esse
948 3735 1106 3817 statuitur,
1128 3753 1200 3828 egit

147 3829 209 3891 'sed
235 3826 369 3913 singulos
397 3824 559 3906 pontifices
586 3823 642 3885 sno
698 3825 821 3888 senetur
842 3843 913 3883 cunt
937 3841 995 3891 eo,
1017 3829 1074 3903 qui
1095 3832 1198 3891 inter.

154 3914 248 3986 loco,
299 3931 393 3993 quem
442 3913 476 3968 in
531 3908 644 3972 ordine
697 3907 797 3978 cessit,
818 3922 853 3967 nt
867 3905 1198 3979 tolleturinterceffio.

145 3998 312 4060 -senetorio
344 3991 530 4056 obtinebant
553 4014 646 4078 roge·
701 3990 826 4055 Manat.

148 4098 208 4150 tos
251 4075 322 4144 esse.
363 4072 484 4146 Mean.
539 4077 647 4164 Vulgo
