2506 4808
169 310 230 393 146
418 295 702 369 EPISTULA
750 296 955 366 cxxlv.

170 495 286 566 Nicia,
308 486 444 574 quadis
458 492 585 559 utitur,
607 498 645 549 ut
663 485 744 558 scis,
768 484 990 551 familiariter
1007 478 1141 553 Cassio.
1175 484 1211 553 llt

171 595 260 662 redii
281 603 411 662 autem,
434 593 551 676 prim,
573 608 672 669 quam
687 602 762 652 tuas
776 587 846 676 legi
863 585 926 650 has
941 590 1135 673 proximas
1153 586 1211 653 lite

174 717 252 768 ras,
280 688 422 775 quaesivi
449 688 491 751 de
512 708 587 750 mea
602 686 734 762 Tullia,
764 688 843 772 quid
866 685 1000 774 egisset.
1050 685 1126 753 Per
1141 687 1213 754 Lici

173 804 263 863 niam
287 793 318 857 se
341 789 438 880 egisse
464 789 610 852 dicebat.
653 786 724 854 Sed
744 794 877 875 opinor,
889 785 1052 852 casuum
1075 794 1131 855 uti
1156 811 1213 856 uua

173 905 221 965 ita
241 895 387 962 multum
418 888 542 954 sorore.
607 889 691 952 Eam
716 910 821 977 porro
846 908 978 975 negare
1007 887 1046 953 se
1079 888 1231 966 audere,¹

173 1021 278 1084 quum
301 1001 352 1062 vir
380 989 504 1058 abesset
534 986 604 1072 (est
634 997 723 1056 euim
752 992 929 1080 proiectus
961 995 1001 1056 iu
1022 988 1213 1079 Hispaniam

172 1101 332 1180 Dexius)
362 1097 422 1160 illo
449 1105 484 1157 et
495 1090 657 1169 absente,
686 1104 720 1154 et
741 1091 923 1162 insciente,
955 1095 1131 1179 migrare.
1169 1090 1214 1159 Est

174 1199 260 1268 ruisti
284 1193 522 1287 gratissimum,
559 1198 643 1256 tanti
674 1205 748 1256 ate
771 1190 977 1255 aestimatam
1002 1191 1214 1261 consuetudi

174 1323 254 1369 nem
276 1304 381 1369 vitae,
402 1299 581 1373 victusque
602 1293 723 1359 nostri:
747 1299 894 1382 primum
918 1304 959 1356 ut
974 1314 1057 1357 eam
1081 1294 1212 1361 domum

174 1402 346 1490 sumeres(
370 1405 497 1458 utnon
519 1392 622 1457 modo
647 1418 756 1485 prope
777 1417 850 1468 me,
867 1392 929 1457 ¹sed
951 1393 1064 1481 plane
1087 1418 1215 1463 mecum

174 1500 327 1565 habitare
346 1492 474 1583 posses:
500 1491 624 1559 deiude
645 1510 684 1561 ut
704 1503 851 1584 migrare
873 1507 975 1560 tauto
996 1518 1116 1584 opere
1136 1498 1215 1565 iesti-

175 1621 248 1669 nes.
294 1596 368 1664 Sed
392 1618 435 1661 ne
458 1600 585 1666 vivam,
616 1593 721 1660 fitibi
742 1595 916 1669 concedo,
949 1607 989 1661 ut
1012 1602 1095 1663 eius
1117 1606 1214 1666 reita

176 1698 333 1788 cupidior
359 1696 419 1771 sas,
439 1717 540 1780 quam
562 1716 622 1781 ego
647 1694 727 1761 sum.
771 1697 887 1779 Itaque
909 1701 1027 1761 omnia
1051 1707 1214 1789 experiar.

175 1801 288 1866 Video
303 1805 394 1866 euim
407 1797 488 1883 quid
504 1817 579 1861 mea
591 1795 732 1869 intersit,
755 1797 835 1881 quid
851 1801 1031 1881 utriusque
1050 1802 1214 1870 nostrum.

177 1900 220 1968 Si
242 1901 323 1984 quid
345 1923 465 1988 egero,
486 1899 604 1962 faciam
626 1909 666 1961 ut
687 1896 781 1963 scias.
824 1895 884 1962 Tu
907 1910 940 1962 et
960 1900 1004 1963 ad
1026 1912 1152 1971 omnia
1174 1927 1217 1973 re·

176 2001 327 2074 scr·ibe8‚
349 2015 382 2064 e’.
397 1999 530 2083 quaudo
548 2011 582 2064 te
597 1996 803 2086 exspectem,
822 1999 925 2064 iacies
946 2022 1024 2078 me,
1046 2001 1073 2067 fi
1097 2008 1163 2074 tibi
1176 2011 1217 2074 vi.

177 2103 304 2176 detur,
326 2107 520 2166 certiorem.

249 2294 530 2368 ua1sroau
570 2290 719 2360 cxxv,
769 2290 851 2380 (aa
885 2293 983 2372 niv.
1018 2300 1054 2372 1.
1085 2301 1150 2394 a.)

408 2442 475 2502 Ser.
489 2440 611 2500 Romae
625 2435 728 2499 meuse
746 2441 783 2500 A.
797 2441 835 2500 U.
853 2443 889 2502 C.
909 2430 980 2525 698.

184 2582 340 2643 Lentulum
355 2583 461 2657 scribit
482 2602 498 2637 e
519 2572 566 2638 M.
586 2573 755 2653 Plaetorio,
801 2584 939 2641 derebus
959 2606 1036 2663 quae
1057 2590 1108 2646 ad
1130 2592 1219 2670 ἔφη

220 2687 390 2761 pertineant
415 2682 490 2762 quid
511 2691 609 2735 ocium
630 2682 674 2755 sit
699 2703 724 2742 1.
769 2697 924 2759 praeterea
947 2689 984 2745 de
1003 2688 1096 2762 flatu
1119 2717 1217 2754 nram

221 2786 419 2842 eorunrum‘um
438 2784 636 2858 cogniturum.
680 2779 900 2844 Curnmutatam
921 2789 978 2863 esse
998 2800 1102 2850 totam
1127 2801 1216 2857 ratio.

220 2907 288 2942 uem
307 2885 445 2959 serratus,
471 2885 664 2956 iudiciorum,
694 2887 740 2940 rei
761 2890 851 2944 totius
876 2892 1030 2962 publicum
1066 2893 1219 2979 ipsumque

215 2988 250 3063 se
272 2989 312 3044 ad
334 2982 471 3057 Pompeii
491 2989 672 3043 voluntatem
692 2984 880 3054 corformem
901 3009 929 3047 2.
968 3011 1059 3072 quem
1087 2988 1217 3059 Lentulo
1238 3064 1242 3080 Ι

219 3109 335 3169 quoque
362 3092 449 3145 valde
470 3091 597 3146 ornicum
623 3087 681 3161 effe
703 3092 876 3164 cognouerit
896 3103 926 3163 3.
973 3095 1106 3173 denique
1126 3118 1217 3184 quum

218 3211 322 3248 rumor
336 3191 406 3266 effe!
422 3186 577 3248 Lentulum
592 3209 639 3245 res
652 3191 722 3244 boue
738 3190 867 3266 geffiffe,
880 3191 983 3266 studia
992 3196 1052 3269 sua
1074 3201 1110 3259 {a
1127 3207 1216 3265 pm.

218 3293 298 3348 ribus
314 3291 342 3347 ei
358 3292 549 3351 decernendis
568 3290 721 3364 prornittit
739 3305 768 3366 4.

217 3457 337 3545 Caffio]
380 3479 496 3540 nempe
532 3458 662 3518 domum
718 3463 796 3518 ciniu
821 3465 932 3521 marito
959 3459 1091 3524 absente
1117 3473 1218 3533 etin.

171 3543 281 3608 Gallus
315 3569 333 3606 a
370 3543 472 3605 Caffio
521 3546 661 3624 quodam
716 3543 829 3604 sciente
842 3548 943 3605 facere
959 3544 1048 3626 polle
1063 3555 1217 3636 negabat.

168 3647 304 3708 emerm
345 3634 378 3690 in
400 3651 462 3711 qua
487 3633 551 3689 eius
574 3627 662 3687 soror
759 3632 1217 3722 plmzemecmniabuare]t01s

168 3715 284 3778 Licinia
308 3737 378 3775 cum
400 3721 465 3775 viro
489 3714 543 3772 suo
559 3713 659 3773 Dexio
717 3710 792 3773 tasse
806 3719 894 3794 quod
912 3723 1013 3796 parier
1034 3731 1215 3787 communia

168 3800 338 3862 habitabat.
364 3797 660 3858 PostulaveretGal·
717 3797 809 3869 esset,
832 3802 878 3858 vel
900 3803 987 3881 quod
1012 3807 1113 3866 aedes
1141 3810 1215 3871 ille·

166 3885 234 3959 lus,
267 3903 301 3946 ut
328 3882 382 3943 fibi
403 3885 533 3951 domur.
561 3902 656 3960 quum
714 3885 755 3941 ita
768 3887 925 3946 Ciceronis
939 3887 1069 3948 aedibus
1079 3895 1213 3968 vicinae,

164 3977 300 4051 primum
320 3969 513 4036 traderetur,
535 3983 566 4025 et
580 3969 656 4025 Lici·
712 3983 748 4026 ut
772 3969 826 4031 ,ad
864 3991 934 4029 eum
974 3981 1215 4050 percommode

161 4060 392 4141 niamigrure13
412 4053 446 4112 id
464 4050 654 4134 quodseLi·
713 4053 821 4114 Gallus
836 4053 1038 4138 itereposlet.
1083 4057 1214 4125 Manet.
