2506 4808
213 283 528 426 'rrrs‘ronn
553 318 741 388 xxxiv.
937 346 999 415 195

92 502 224 580 dedisti,
259 507 323 572 suit
344 504 484 571 historia
505 507 665 595 dignum,
698 507 804 574 scribe
831 506 999 600 quampri·
1066 555 1071 564 ι

86 630 159 673 ‚ne
183 612 400 696 ignoremus:
442 606 488 673 sm
509 608 593 672 nihil
614 621 751 696 praeter
777 614 996 689 iocationem,
1102 613 1105 621 ’

102 709 134 773 id
155 706 269 796 ipsum.
311 711 355 772 Et
378 709 460 774 scito
477 709 665 774 Curionem
682 709 929 777 adolescentem
945 737 998 781 ve·

86 811 118 873 rd
138 832 192 873 me
216 807 403 876 salutatum.
465 808 572 874 Valde
596 815 667 874 eius
691 809 797 875 sermo
819 810 861 875 de
878 812 998 882 Publio

86 916 131 975 uis
152 911 262 975 literis
286 913 506 999 congruebat.
550 909 622 997 Ipse
645 931 729 988 vero
753 914 943 980 mirandum
961 922 998 982 in

86 1037 106 1075 n
116 1033 209 1097 regor
224 1015 316 1098 odisse
325 1013 487 1101 superbos.
530 1009 700 1095 Peraeque
712 1015 998 1105 narrabatincen·

86 1111 118 1177 se
140 1119 368 1188 iuventutem,
395 1133 505 1196 neque
529 1111 621 1174 ferre
651 1110 734 1175 haec
759 1113 862 1199 posse.
904 1115 996 1182 Bene

105 1236 188 1289 nos,
211 1213 232 1278 fi
255 1222 291 1280 in
316 1214 369 1280 his
386 1216 460 1303 spes
486 1211 552 1286 est,
574 1218 712 1300 opinor,
732 1212 822 1278 aliud
843 1236 994 1304 agamus.

86 1338 107 1380 e
125 1317 170 1378 do
186 1314 351 1380 historiae.
396 1314 626 1405 Quamquam,
647 1314 729 1379 licet
745 1313 995 1384 mcSauseinm

86 1414 270 1490 esse‚.nihis
287 1439 341 1480 me
359 1416 406 1480 est
420 1421 575 1480 inertius.
599 1460 602 1465 -

86 1520 119 1582 ed
142 1517 307 1606 cognosce
328 1523 449 1582 itinera
471 1515 600 1595 nostra3
621 1531 660 1580 ut
681 1515 824 1590 statuas,
848 1522 907 1585 ubi
926 1543 1024 1594 nos2

345 1685 615 1702 μ*

87 1817 99 1856 z.
110 1794 262 1856 XXXIV.
309 1814 334 1854 1.
353 1789 453 1869 Histo·
506 1787 621 1851 ficum
640 1810 678 1847 ne
699 1790 883 1871 copuletur,
918 1793 995 1856 nihil

87 1880 172 1964 narn]
192 1883 268 1941 Non
282 1877 351 1938 leve
363 1879 452 1959 quid·
507 1873 551 1936 est
584 1871 781 1936 difficultatis.
823 1878 886 1938 Sed
916 1879 996 1940 illud

87 1983 137 2034 ruti
151 1962 310 2035 iocosum,
338 1961 391 2021 sed
409 1962 452 2022 se·
506 1981 559 2018 nos
572 1958 681 2020 melius
697 1978 765 2020 curn
780 1981 905 2040 agamus
919 1984 995 2026 con.

87 2066 109 2110 et
126 2069 236 2134 greve:
260 2046 360 2128 qualia
375 2046 452 2121 sunt,
506 2049 656 2127 iungitur.

87 2133 451 2196 rhilioriasreseruntur.
549 2132 680 2204 opinor,
722 2131 807 2187 aliud
846 2133 994 2218 agamus]

112 2219 164 2281 Est
178 2221 297 2295 cognitu
312 2223 451 2295 cingnum,
508 2215 576 2298 Ego
598 2235 635 2273 ex
648 2211 776 2273 istorum
792 2213 941 2279 societate
954 2241 995 2280 ne

90 2312 136 2366 eci
173 2313 298 2388 ἱστορίαν
334 2307 451 2365 dicunt.
509 2301 585 2380 quid
599 2296 673 2359 mihi
689 2315 845 2358 crearetur
855 2306 994 2380 periculi,

89 2430 96 2445 .
507 2383 665 2444 timebam.
708 2383 816 2454 Nunc,
869 2406 942 2446 uum
964 2407 996 2448 et

87 2470 195 2552 ’nblio]
222 2469 350 2542 Aiebat,
374 2472 452 2532 Cre·
507 2473 595 2529 iniria
638 2466 759 2527 videam
806 2406 994 2550 dissensionis

88 2559 242 2635 Pompeio
259 2555 350 2614 bilem
367 2578 451 2616 com·
507 2552 645 2633 ipsorum
664 2557 746 2614 inter
767 2551 864 2630 ipsor3
894 2570 926 2616 et
948 2562 994 2615 iu·

91 2685 102 2716 ,
126 2641 214 2722 quod
238 2661 255 2701 n
277 2643 310 2702 P.
335 2642 450 2701 Clodio
508 2653 665 2698 venturem
686 2638 809 2697 audiam
833 2636 911 2700 hoec
932 2641 993 2702 ser-

87 2732 123 2787 ni
136 2726 327 2808 legationem
345 2726 385 2784 nd
399 2727 453 2784 Ti·
507 2744 542 2784 re
556 2743 622 2783 non
637 2713 744 2800 posse:
766 2727 901 2800 opinor,
922 2725 995 2787 licet

87 2811 258 2872 ividerent.
284 2830 334 2890 ep.
353 2823 405 2884 33,
423 2830 451 2872 2.
507 2806 582 2867 mihi
600 2813 735 2866 animum
750 2827 768 2865 a
785 2810 899 2868 timore
920 2809 995 2872 libe·

508 2909 608 2953 retum
630 2893 671 2951 ed
691 2889 764 2950 alies
783 2912 833 2952 rec
854 2897 995 2957 transdo-

87 2983 176 3039 ndum
198 2982 227 3036 in
249 2974 391 3060 modum]
413 2977 453 3038 de
509 2997 589 3037 cere.
611 2976 708 3056 Quod
721 2977 803 3036 idem
817 2981 850 3036 in
864 2978 995 3057 epistola

88 3077 167 3144 ,45
217 3059 452 3143 Urrnsloqnitur,
507 3061 665 3140 superiore
679 3063 768 3133 dixit,
791 3057 855 3119 Una
869 3065 939 3138 spes
955 3067 995 3142 esi

87 3173 126 3209 tm
155 3149 327 3218 adversatur
354 3150 453 3204 adole.
502 3149 625 3221 salutis,
665 3149 788 3220 istorum
816 3148 894 3207 inter
923 3153 994 3228 istos

90 3237 165 3296 urio.
204 3229 326 3289 Monet.
509 3232 652 3306 distensio.
699 3226 821 3288 Manat.

87 3343 105 3378 es
121 3319 211 3394 odisse
222 3315 386 3398 superbos]
410 3313 453 3376 est
550 3314 711 3396 historiae]
730 3314 789 3376 scil.
805 3312 993 3393 scribendae,

107 3401 340 3464 hemistichium.
386 3400 453 3460 Ple·
508 3398 600 3460 Theo
626 3408 756 3478 ompino
789 3421 921 3484 genere:
943 3425 993 3485 ep.

88 3495 170 3572 gitur
197 3487 251 3546 lib.
268 3487 321 3544 VI.
350 3506 400 3564 ep.
420 3499 452 3559 3·
510 3487 540 3546 6.
616 3495 695 3543 anot.

89 3571 248 3653 Significat
263 3588 365 3630 aurem
376 3572 453 3628 Cae·
552 3564 722 3650 Saffeiurn]
743 3568 865 3629 tardum
887 3587 919 3632 et
942 3591 994 3633 ne·

107 3661 294 3738 Pompeium
316 3669 347 3714 ct
368 3652 454 3714 Cras·
510 3653 694 3737 gligentem3
716 3653 814 3734 qualis
836 3657 994 3730 Saufeiur,

511 3744 566 3820 qui
587 3739 728 3801 lahorem
751 3740 915 3811 confert,
947 3742 995 3802 vel

108 3823 213 3907 habet]
258 3822 376 3900 Recepi
411 3820 455 3883 le·
510 3839 639 3896 natura,
673 3822 739 3894 vel,
782 3828 855 3903 quie
884 3825 995 3902 Epicu·

88 3935 105 3972 n
152 3929 247 3991 quam
298 3908 454 3968 Corradus
511 3929 600 3978 reor,
623 3905 760 3967 instituto
783 3922 814 3966 et
834 3907 995 3986 consuetu·

88 3993 285 4066 ,assentiente
305 3989 455 4052 Ernesiio.
513 3992 596 4056 dine.
617 3992 699 4070 yid.
714 4011 764 4072 ep.
779 4004 811 4064 3,
831 3987 954 4051 Manat.

89 4085 159 4142 hene
171 4081 325 4150 hahemus,
349 4079 456 4160 inquo

817 4169 852 4239 N
873 4194 894 4237 ι
