2506 4808
135 261 201 340 144
387 252 671 353 ntusTouA
711 253 912 329 xxvtn.

109 472 158 515 2.
223 437 456 505 Feneitrarum
486 439 651 530 angustias
683 442 774 527 quod
806 443 1033 535 reprehendis

132 530 174 609 ie
188 540 292 633 Κόρου
308 542 454 610 παιδείαν
474 541 740 631 reprehendere.
776 544 864 610 Nam
881 571 985 642 quum
1001 573 1037 639 eg

136 643 222 710 iituc
258 645 433 716 dicerem,
477 643 588 736 Cyrus
626 647 753 720 aiebat,
794 646 972 714 radiorum
1003 652 1037 718 iu

136 745 212 813 latis
241 745 445 819 luminibus,
476 756 638 810 nontam
663 743 727 809 eise
752 743 878 815 suaves.
922 751 1035 819 Eteni1

516 953 789 973 *ἡ

9 1058 12 1067 ’
177 1095 207 1136 n.
221 1067 449 1153 fenestrarum]
467 1072 500 1131 in
515 1070 623 1151 eliquo

680 1070 724 1133 dii
738 1089 884 1150 currunt,
907 1054 1035 1141 duee‘it

133 1160 337 1244 praediorum
353 1156 522 1226 Ciceronis,
536 1157 625 1237 qnod
678 1177 734 1219 ree
755 1156 918 1243 fignabunt
939 1162 957 1223 δ
977 1189 999 1230 ε.
1027 1188 1037 1227 s

51 1288 54 1293 ·
133 1249 254 1309 Atticus
276 1263 313 1301 ex
334 1242 432 1321 Epiro
464 1241 562 1301 redux
593 1256 625 1303 et
679 1246 748 1324 quis
770 1249 803 1306 in
824 1245 967 1309 cubiculo
986 1272 1036 1311 cor

133 1351 195 1415 per
216 1326 338 1390 Iteliem
359 1325 555 1405 iterfaciens
577 1329 625 1389 in·

133 1413 253 1477 viseret.

176 1498 268 1582 Κύρων
284 1494 439 1581 παιδείαν]
483 1496 557 1579 Cyri
573 1515 621 1555 er·

132 1582 449 1646 chitectidoctrinem.
472 1581 512 1643 Et
522 1578 621 1643 ellufit

134 1669 177 1731 ed
190 1667 412 1750 Xenophontis
427 1664 550 1739 librum,
566 1666 627 1747 qui'

132 1753 306 1817 inscribitur
349 1751 440 1834 Κύρου
490 1748 619 1817 παιδεία.

131 1841 206 1906 snm.
222 1838 274 1900 iib.
285 1837 353 1899 VII.
370 1858 419 1918 ep.
435 1843 481 1914 14.
497 1830 619 1899 Manat.

175 1921 354 2007 radiorum]
398 1920 500 1985 aiebat
519 1922 617 2005 Cyrus

133 2008 334 2082 architectus,
361 2029 430 2068 cum
449 2006 527 2066 redii
543 2026 619 2067 ocu·

130 2094 234 2169 ¹lerunt
248 2115 307 2176 per
325 2088 472 2154 fenestras
488 2089 557 2153 letis
572 2090 618 2175 Ιιι-ι

130 2179 266 2241 minibus
294 2176 536 2263 egrederentur,
566 2195 617 2239 ees

130 2262 317 2347 egreffionee
353 2281 420 2324 non
455 2277 518 2324 tem
557 2256 619 2323 effe

128 2348 259 2423 sueves,
305 2348 516 2429 utebaturque
555 2342 619 2407 hoc

130 2450 316 2519 argumento
357 2453 418 2515 pro
470 2427 615 2513 fenestras

128 2543 199 2583 rum
234 2515 376 2602 angustiis
418 2532 529 2578 contre
571 2515 616 2575 le·

128 2606 303 2667 titudinem.
346 2602 395 2665 Ab
433 2600 531 2663 oculu
557 2621 616 2662 no·

128 2689 195 2755 Iirie
239 2705 351 2752 exeunt
389 2686 468 2747 redii
483 2728 494 2758 ,
560 2689 615 2767 qui

127 2797 194 2858 quo
211 2774 334 2859 longius
353 2770 615 2856 progrediuntur,

126 2883 168 2922 eo
192 2861 301 2933 letius,
333 2860 411 2918 alter
434 2856 473 2916 eb
495 2855 614 2928 altero,

128 2947 360 3030 disiunguntur:
398 2958 431 3001 ut
453 2942 491 3001 nb
517 2940 613 3003 oculis

126 3027 237 3094 nostris
272 3030 313 3089 ed
352 3027 475 3098 locum,
520 3044 614 3105 quem

125 3114 321 3197 spectemus,
363 3111 417 3172 fret
452 3108 612 3171 radiorum

127 3197 213 3279 quefi
226 3199 361 3284 pyramis
379 3197 550 3277 quaedem3
571 3210 612 3267 et,

125 3283 149 3346 fi
164 3283 246 3344 hunc
261 3299 363 3345 totum
379 3278 558 3364 radiorum,
580 3278 612 3361 id

123 3367 169 3430 est
190 3366 311 3430 vifionis
344 3363 463 3426 curium
496 3368 612 3450 graecis

123 3454 218 3515 literis
238 3475 256 3514 e
277 3455 431 3533 principio
453 3448 493 3509 ed
512 3447 612 3522 runem

122 3555 236 3605 notare
263 3536 354 3610 velie3
396 3541 428 3595 in
456 3537 610 3616 principio

121 3629 142 3685 i.
160 3645 187 3684 e.
209 3628 242 3684 in
263 3621 360 3683 oculis
375 3616 502 3693 nostrie,
525 3618 612 3681 unde

121 3714 165 3770 vis
179 3713 278 3777 oritur
290 3707 416 3766 videndi
425 3749 434 3778 ,
454 3702 610 3781 statuese;

121 3810 310 3864 extremum,
334 3812 399 3872 quo
422 3789 610 3871 spectemur,

120 3878 246 3943 notabis
271 3877 390 3936 duabus
418 3874 512 3936 literis
534 3876 554 3946 β
575 3895 611 3950 m

120 3966 254 4045 spatium
273 3966 380 4033 inane,
406 3960 494 4041 quod
516 3962 610 4018 inter·

119 4055 219 4122 iacet,
243 4068 305 4131 qua
318 4047 460 4109 disiuncti
474 4045 539 4107 duo
561 4064 610 4105 re·

680 1332 778 1395 eciem
801 1328 909 1413 eliquo
924 1354 983 1414 per
1003 1337 1036 1396 fc

677 1412 752 1495 ¹uelit
773 1416 954 1492 intendere,
983 1440 1036 1501 qu«

676 1490 752 1567 iiior
782 1503 841 1562 erit
869 1502 970 1563 editus
998 1506 1036 1567 ier

677 1601 718 1643 co
740 1588 837 1668 megin
865 1587 1032 1651 oculorum

675 1669 708 1729 in
722 1672 804 1729 exitu
824 1668 1001 1746 cohibebit;
1029 1679 1037 1735 i

676 1757 734 1837 ¹erit
748 1752 801 1815 ille
814 1753 963 1839 suavior„
970 1763 1036 1840 quir

676 1836 809 1924 disiungi
832 1861 927 1923 quern
952 1849 1036 1905 minii

675 1926 777 1985 tietur.
811 1939 861 1998 et,
884 1941 920 1987 ut
942 1925 1034 1991 suave

674 2002 906 2083 steeieneiiree,
924 2015 967 2075 ite
978 2034 1035 2076 nor

674 2088 786 2155 vedeo.
830 2088 951 2160 Manus.
998 2101 1035 2160 E<

675 2173 793 2239 hubent
806 2181 985 2242 viridiorum
1002 2182 1035 2247 iu

674 2260 753 2323 Inde
775 2264 872 2328 Aldus
901 2266 975 2329 iecit
1007 2294 1035 2328 re

675 2348 764 2428 quod
794 2351 950 2414 Victorius
979 2353 1035 2415 dici

673 2433 783 2494 codice
803 2432 858 2496 [uo
881 2435 1035 2501 rei'tituiss'c

673 2515 724 2577 elii
746 2516 840 2581 secuti
859 2518 945 2597 innt3
979 2521 1032 2585 sed

673 2615 704 2661 et
719 2601 825 2664 Bosrus
846 2627 864 2664 e
879 2604 948 2668 Md.
969 2605 1028 2671 suis

672 2688 886 2748 viridariorum
923 2712 1007 2774 quae

671 2773 753 2834 fecte
784 2770 837 2835 est.
879 2776 1035 2841 selmefiu

672 2854 727 2925 bet
752 2861 916 2918 thuridium
949 2884 1011 2943 pro

672 2941 807 3025 θυριδέων.
842 2943 1019 3009 Tuusteilus

670 3023 726 3087 fic:
746 3033 777 3089 υἱ
792 3034 947 3090 radiorum
970 3031 1034 3111 (ess

671 3112 773 3185 ociosa<
803 3119 841 3196 (i.
861 3138 886 3176 c.
918 3116 954 3177 rc*
974 3118 1034 3200 δρᾷι

669 3197 774 3258 rudior
807 3199 868 3262 elie
905 3198 1022 3281 visum)

669 3283 824 3342 luminibus
852 3308 909 3343 rton
932 3299 996 3345 tam
1019 3310 1035 3364 ς

670 3386 729 3425 ves.
772 3371 834 3431 Sed
859 3370 910 3430 ille
938 3371 1033 3451 ellipti

669 3453 725 3526 esse
747 3449 776 3516 h.
795 3454 815 3516 i.
837 3456 947 3516 durior
967 3457 1019 3519 est.

667 3534 805 3601 fenestris
827 3539 926 3600 versus
948 3539 1033 3603 horu

667 3641 722 3683 mo
739 3620 791 3694 est,
812 3624 936 3708 vulgata
951 3626 1033 3687 bene

667 3707 910 3792 intelligiturque
923 3711 1033 3791 prospe

667 3787 801 3865 hortos,
852 3815 946 3876 quem
982 3796 1033 3859 sue

667 3873 729 3937 elie
742 3875 873 3960 angustis
887 3879 1033 3970 fenestris*

665 3963 709 4020 ite
732 3963 868 4035 videtur,
905 3970 978 4046 quie
1003 3969 1033 4029 d«

666 4044 882 4112 aedificatione
895 4049 1003 4129 ¹serruo
1028 4082 1033 4111 t
