2580 4792
140 298 206 365 ωε
400 266 692 361 'EPISTonA
733 280 892 359 xxm:

141 484 214 549 sore
239 480 338 546 salvas
362 478 492 568 sperare
516 481 703 546 videantur.
747 479 846 544 Unus
870 473 935 548 est,
975 478 1033 557 qui
1055 456 1170 550 curet,

146 582 330 648 constantia
353 588 480 669 magn,
505 594 538 646 ct
558 588 773 670 integritate,
794 600 892 662 quum
914 587 952 642 ut
972 562 1057 645 mihi
1081 576 1171 645 vide,

141 701 214 760 tur,
244 674 407 768 consilio,
427 695 483 747 aut
507 688 662 770 ingenio,
687 681 793 763 Cato;
827 685 883 763 qui
903 676 1042 742 miseros
1062 676 1170 766 publi·

130 771 265 859 ¹canos,
307 805 392 867 quos
420 782 537 847 habuit
566 778 804 849 amantissimos
834 780 897 855 lui,
937 785 1076 858 tertium
1102 785 1171 848 im

140 887 290 953 mensem
313 898 429 959 vexat,
450 905 559 967 neque
581 889 623 948 iis
646 906 664 946 a
685 883 797 948 senatu
811 881 1005 970 responsum
1024 881 1098 947 dari
1116 902 1170 971 pa·

141 995 236 1054 titur.
279 990 331 1052 Ita
351 1005 423 1052 nos'
440 993 595 1074 cogimur
611 984 748 1069 reliquis
772 985 930 1050 derebus
948 981 1034 1053 nihil
1052 983 1168 1048 decer·

141 1103 335 1164 mercante,
356 1111 455 1172 quam
477 1085 666 1175 publicanis
681 1085 875 1174 responsum
891 1083 939 1150 lit.
982 1081 1099 1174 Quare
1121 1094 1169 1150 et·

141 1196 208 1256 iam
225 1190 412 1277 legationes
429 1194 592 1253 reiectum
612 1191 653 1250 iri
672 1199 768 1274 puto.
1170 1184 1176 1193 ’

113 1311 134 1373 9
224 1291 323 1360 Nunc
345 1289 459 1362 vides,
483 1286 787 1372 quibuS.flirctibus
812 1293 992 1359 iactemur:
1019 1297 1053 1353 ct
1077 1283 1100 1351 li
1125 1307 1169 1355 ex

94 1394 96 1408 '
142 1399 202 1467 iis,
221 1414 306 1478 quae
327 1389 533 1482 scripsimus,
568 1394 680 1481 (tanta
710 1390 1037 1481 estperspicacitate)
1067 1393 1169 1456 eriam

106 1754 110 1767 ,
143 1683 247 1753 vitute,
264 1678 625 1744 honoreflorentiffimus
723 1680 860 1768 patitur]
910 1681 975 1743 dier
1006 1685 1089 1745 enim
1122 1681 1169 1745 di·

142 1771 279 1827 civitatis.
323 1767 364 1834 Hi
379 1767 497 1848 piscinis
514 1771 555 1826 ite
572 1768 627 1827 de·
683 1767 783 1828 cendo
807 1768 926 1839 eximit,
960 1770 1080 1833 ituree
1101 1787 1169 1831 non

103 1917 105 1920 ,
141 1850 352 1924 iectubanrur,
383 1868 417 1911 ut
439 1872 563 1915 omnem
586 1853 627 1913 de
681 1851 847 1934 perficitur.
892 1850 990 1932 Quod
1016 1872 1102 1915 enno
1125 1852 1170 1917 se·

80 1979 84 1985 -
141 1935 285 2016 republ
317 1957 419 1996 curem
448 1936 627 2001 viderentur
683 1941 790 2018 quenti
804 1936 1082 1999 fecereconentem
1091 1939 1170 2001 Gee-

144 2018 303 2093 ebiecilse3
328 2026 380 2101 qui
396 2022 626 2105 noninteliige·
681 2021 729 2082 ser
760 2018 866 2082 consul
892 2019 1047 2101 prehendi
1077 2037 1110 2084 et
1126 2012 1169 2088 'in

142 2122 212 2166 rent
233 2102 336 2165 omilin
364 2106 543 2186 republica
568 2128 627 2169 uec
683 2127 839 2167 carcerem
862 2105 934 2165 duci
953 2104 1043 2168 iullit.
1094 2108 1170 2171 Gei·

142 2189 352 2268 suurpilciuas
371 2187 627 2272 salvuselsepos·
681 2191 749 2262 lius,
781 2193 957 2256 Suetonius.
990 2193 1169 2256 Hecdero'

142 2273 182 2335 se.
219 2277 285 2336 Hos
301 2275 439 2355 appellet
450 2275 625 2354 piscinarios
670 2278 747 2337 -Cic
795 2290 873 2337 orat.
921 2295 982 2359 pro
1027 2278 1166 2342 Plancio.

143 2359 293 2441 epleq„
326 2375 356 2419 et
377 2359 624 2424 nulladum
685 2362 783 2446 Quum
815 2363 935 2437 senatus
971 2362 1169 2437 impediretur

143 2467 193 2524 ep.
215 2454 267 2507 1.;t
289 2439 402 2520 Nostri,
416 2448 526 2525 inquit,
542 2449 624 2525 prin·
682 2447 864 2532 quominus,
894 2447 926 2504 id
940 2450 1023 2527 quod
1043 2448 1169 2525 tretilius

142 2533 220 2603 cipes
234 2530 330 2606 digito
344 2530 505 2603 scoceium
520 2542 626 2606 putarit
673 2534 793 2609 semper
808 2541 872 2589 erat
885 2533 1036 2604 tributum,
1051 2533 1168 2609 respuu-

142 2619 308 2691 attingere,
326 2616 357 2690 si
371 2619 456 2674 mulii
467 2619 580 2683 barbati
594 2620 624 2674 in
673 2620 740 2696 sum
748 2619 892 2697 equitibus
902 2620 1032 2680 daretur.
1045 2614 1190 2682 Manut.·

138 2702 258 2777 piscinis
273 2701 352 2776 sint,
376 2703 424 2779 qui
446 2705 486 2758 od
506 2722 625 2762 murrum
722 2707 813 2761 etiam
835 2703 998 2780 legationes
1024 2704 1168 2768 reiectum

142 2789 283 2842 accedant
292 2801 321 2844 et
332 2787 444 2844 eodem
454 2787 534 2848 libro
543 2809 623 2873 epp.
682 2787 742 2876 iri]
785 2789 866 2847 Puto
880 2788 965 2860 fore,
986 2801 1019 2845 ut
1034 2775 1169 2872 legatio-¹

145 2865 177 2925 Si
204 2873 262 2928 erit
287 2873 388 2927 nebulo
413 2873 464 2946 iste
492 2895 555 2937 cum
581 2877 625 2932 tris
680 2894 735 2934 nes
752 2873 850 2932 audiri
868 2889 934 2934 non
952 2866 1169 2952 pollintmen·

143 2957 271 3031 dynastis
291 2959 322 3013 in
345 2960 458 3042 gretia,
479 2979 543 3018 non
557 2981 625 3021 mo·
681 2957 712 3019 sc
732 2958 918 3028 Februario,
952 2956 1002 3015 sed
1024 2963 1056 3017 in
1082 2958 1169 3021 aliud

144 3042 185 3099 do
202 3042 240 3098 de
255 3043 362 3120 cynico
385 3041 553 3115 consulari,
573 3043 624 3108 sed
682 3059 803 3127 tempus
839 3045 1040 3115 reiicientur,
1091 3043 1168 3104 dum

142 3140 183 3186 uc
194 3125 232 3182 de
246 3122 304 3183 istis
314 3126 438 3204 quidem
448 3131 624 3205 piscinarum
682 3127 770 3210 quod
793 3131 892 3210 egitur
915 3127 954 3184 do
976 3125 1168 3205 publicanis,

148 3203 316 3266 Tritonibus
344 3207 457 3287 poterit
480 3214 510 3272 se
533 3219 624 3277 iacte-
682 3211 853 3297 expeditur.
866 3211 1050 3273 Februarius
1060 3228 1168 3273 eutem

143 3314 186 3355 re.
222 3294 310 3353 Pium
326 3295 457 3368 Plinius,
481 3296 545 3358 hist.
560 3317 623 3364 nar.
680 3295 789 3358 mensis
811 3295 1019 3377 legationibus
1037 3297 1169 3358 audien·

143 3379 244 3456 sihi.
280 3378 477 3450 Plutarchus,
498 3385 624 3445 Macro·
682 3384 727 3442 dis
744 3380 884 3442 debatur.
918 3381 968 3440 Ad
981 3382 1020 3460 Q,
1038 3381 1169 3447 fratrem

117 3518 119 3522 ,
143 3462 211 3523 bius
227 3466 328 3524 Varro
348 3463 387 3527 de
401 3465 437 3531 R·
456 3468 492 3527 R.
509 3467 560 3531 lib.
571 3469 623 3532 111.
680 3468 719 3530 11.
729 3483 759 3539 3.
781 3471 856 3525 etin
872 3463 957 3554 epist.
973 3467 1014 3526 ed
1025 3466 1168 3547 nictu·

144 3570 169 3609 c.
190 3563 219 3621 5.
268 3545 383 3610 Mauri.
681 3553 834 3613 Pedianus
849 3566 880 3610 et
897 3549 955 3610 ulii.
1001 3546 1124 3608 Manui.

186 3633 303 3706 conjitio
322 3645 372 3689 aut
391 3635 530 3723 iugenio]
558 3657 623 3722 quo
724 3657 753 3717 9.
776 3648 859 3704 tantu
876 3657 904 3692 es
918 3632 1168 3725 perspicacitate]

140 3716 202 3779 scii.
217 3717 520 3801 iutelligerc‘polset,
547 3722 623 3802 quid
680 3718 779 3780 Recte
804 3716 1084 3804 post'iiervegium
1112 3722 1169 3781 Er-

142 3816 320 3881 temporum
332 3808 410 3863 ratio
422 3804 601 3884 postularet.
678 3804 790 3870 nestius
813 3804 892 3865 hene
916 3805 1083 3868 lectionem
1114 3803 1168 3868 ed.

187 3889 351 3965 responsum
359 3888 403 3974 ci]
420 3891 623 3951 delocariono
679 3891 771 3950 Rom.
782 3893 944 3954 revocavit.
959 3889 1080 3974 Vulgo:
1100 3900 1131 3946 et
1138 3888 1169 3966 fi

140 3969 323 4033 'Alienorum
340 3977 543 4060 vectigalium,
574 3976 622 4039 cf.
681 3997 719 4038 ex
736 3978 782 4047 iis,
796 3994 873 4056 quae
887 3975 1094 4053 rescripsimus,
1102 3985 1167 4032 tau·

143 4075 257 4137 epar.
284 4057 402 4118 Manui.
680 4071 713 4120 ta
735 4062 825 4120 etiam
842 4075 902 4122 etc.
984 4070 987 4077 '
