2506 4808
296 317 586 391 urrsroun
626 317 831 391 cuxxx.
1017 337 1082 410 a,

51 513 187 579 srforte
217 511 260 575 de
283 515 351 575 tuis
378 507 563 597 sumpsero,
607 529 678 573 non
704 504 810 574 solum
830 454 980 587 Pallada,
1024 506 1082 575 sed

52 618 154 685 etiam
168 609 326 701 Appiada
345 613 539 676 nominabo.
1075 616 1080 629 ¹

156 799 263 873 Cilix,
287 798 431 864 libertus
454 809 554 870 tuus,
572 809 670 861 antea
693 794 776 863 mihi
797 801 910 864 minus
937 799 1001 864 fuit
1022 817 1112 866 non

56 913 131 984 tus;
157 901 213 966 sed
237 915 276 965 ut
301 897 384 964 mihi
400 897 548 962 reddidit
564 918 580 961 a
600 911 634 962 te
649 897 792 973 literae,
808 897 924 988 plenas
942 913 975 966 et
996 922 1086 967 amo·

57 1007 128 1076 ris,
150 1016 184 1067 et
200 999 320 1076 officii,
340 995 483 1065 mirifice
503 997 571 1086 ipse
586 997 642 1063 suo
655 996 809 1065 sermone
831 997 1022 1068 subsecutus
1038 997 1087 1069 est

57 1100 299 1170 humanitatem
327 1104 500 1168 literarum
530 1109 674 1164 tuarum.
731 1101 882 1166 Iucunda
908 1101 992 1169 milti
1012 1110 1085 1172 elus

59 1212 168 1270 oratio
180 1207 261 1279 suit,
285 1227 386 1289 quum
402 1200 445 1266 de
461 1205 573 1265 animo
588 1211 668 1274 tuo,
691 1200 733 1266 de
749 1200 977 1279 sermonibus,
988 1227 1085 1291 ¹quos

59 1306 103 1370 de
123 1329 179 1373 me
198 1306 343 1373 haberes
367 1304 535 1388 quotidie,
566 1300 650 1367 mihi
671 1317 837 1387 narraret.
878 1306 969 1398 Quid
991 1328 1088 1394 quae·

59 1405 129 1472 ris?
164 1408 272 1475 Biduo
296 1407 404 1473 factus
429 1405 476 1470 est
500 1401 582 1469 mihi
603 1403 794 1469 familiaris:
823 1412 869 1472 ita
888 1421 1020 1485 tamen,
1047 1421 1087 1476 ut

58 1507 219 1577 Phaniam
244 1509 341 1576 valde
364 1505 422 1572 sim
445 1503 703 1570 desideraturus.
757 1503 868 1597 Quem
896 1530 999 1594 quum
1021 1509 1089 1578 Ro·

60 1632 151 1676 mam
172 1617 345 1682 remittes,
367 1608 479 1693 quod,
502 1609 562 1690 (ut
582 1609 808 1694 putabamus)
833 1609 989 1676 celeriter
1011 1633 1086 1679 eras

61 1712 230 1786 facturus,
252 1713 411 1777 omnibus
428 1714 458 1773 ei
481 1707 523 1772 de
547 1712 667 1782 rebus,
690 1730 770 1794 quas
785 1716 856 1800 agi,
875 1732 956 1797 quas
978 1712 1089 1780 curari

60 1832 84 1876 a
100 1832 154 1875 me
175 1813 287 1890 voles,
315 1809 553 1874 mandatarius
576 1809 686 1874 velim.

164 1998 204 2063 L.
228 1996 420 2072 Valerium,
459 1992 739 2070 iureconsultum,
778 1996 877 2064 valde
907 1999 969 2066 tibi
998 2009 1149 2077 eom-3⁴·

60 2100 203 2164 urendo:
225 2097 279 2163 sed
301 2106 348 2165 ita
370 2106 489 2171 etiam,
512 2094 533 2160 sr
557 2118 624 2160 non
647 2095 694 2160 elt
719 2099 976 2167 iureconsultus.
1013 2102 1092 2169 ‘Me-

61 2202 128 2267 lius
152 2208 241 2266 enim
267 2204 297 2264 ei
321 2222 440 2267 cavere
462 2197 556 2271 volo,
581 2217 680 2280 quarn
702 2197 770 2285 ipse
787 2200 859 2266 aliis
880 2201 972 2266 solet.
1016 2203 1093 2269 val·

65 2305 107 2367 de
124 2302 298 2368 hominem
319 2302 434 2391 diligo.
477 2300 534 2366 Est
554 2323 597 2364 ex
620 2306 702 2365 meis
720 2302 911 2368 domesticis
926 2317 1025 2389 utque
1044 2313 1093 2373 in·

59 2411 155 2470 timis
183 2404 412 2471 familiaribus.
477 2405 629 2472 Omnino
658 2405 721 2466 tibi
751 2409 818 2492 agit
850 2413 995 2494 gratius:
1036 2407 1107 2483 sed,

63 2508 155 2572 idem
175 2506 307 2580 scribit,
328 2528 422 2571 meas
445 2506 560 2572 literas
584 2494 768 2571 maximum
791 2508 877 2590 opud
898 2520 933 2574 te
957 2511 1092 2599 pondus

64 2606 251 2673 habituras.
307 2608 346 2672 Id
376 2630 452 2674 eum
474 2631 518 2673 ne
543 2607 651 2683 fallat,
688 2618 723 2671 te
749 2613 850 2671 etiam
872 2622 971 2694 atque
992 2617 1094 2677 etiam

31 2712 33 2717 '
66 2728 160 2796 rogo.
206 2709 300 2774 Vale.

445 2932 717 2951 mm

66 3085 107 3142 cit
125 3081 174 3141 ed.
190 3086 299 3162 prima.
338 3081 382 3140 Ea
401 3077 443 3141 est
457 3081 553 3141 editio
612 3083 652 3143 ed
673 3082 905 3164 exprimendam
927 3086 1099 3167 multitudi.

67 3169 146 3246 Spin.
173 3167 555 3246 1469.it.Venet.1471.
611 3186 694 3230 nem.
746 3164 872 3243 Ernesti.

69 3252 201 3310 Ceterae
243 3251 314 3312 edd.
351 3266 424 3312 vett.
463 3256 556 3309 etiam
648 3249 777 3329 fisorte
798 3257 834 3311 de
853 3258 910 3313 tuis
923 3257 1098 3347 sumpsero]

65 3333 286 3396 Romhabent
301 3330 556 3415 crebritatequod
612 3337 644 3396 Si
666 3341 826 3398 Minervae
847 3339 974 3401 statuam
999 3347 1100 3421 forte,

67 3442 173 3482 verum
196 3418 254 3496 est3
292 3440 353 3481 neo
373 3419 453 3480 bene
479 3419 556 3481 illud
612 3441 754 3506 ernagna
771 3444 851 3504 quoe
867 3425 920 3497 tibi
940 3424 1100 3514 est-signo.

68 3508 233 3567 eGraevio
247 3523 406 3586 receptum
425 3503 473 3565 est.
503 3502 555 3563 Ce·
612 3527 682 3566 rum
723 3515 834 3588 copia,
881 3532 1007 3586 emero,
1047 3532 1103 3578 out

58 3584 189 3650 'lubricas
211 3611 277 3650 non
294 3591 449 3651 intralibus
465 3591 556 3650 rebus
615 3613 813 3676 quarumque
846 3602 970 3661 ratione
998 3620 1103 3665 metm

70 3675 196 3750 dicitur,
219 3675 326 3759 quales
346 3675 414 3737 suut
437 3673 557 3748 oiim,
613 3677 731 3741 secero.
