2506 4808
232 312 297 398 '342'
468 304 755 377 EPISTOLA
795 306 1020 378 LXXXVI.

233 503 300 589 egi,
322 509 367 569 et,
382 507 419 559 ut
433 493 569 560 fortuna
582 495 779 584 postulabat,
795 497 837 562 de
851 497 982 582 reliquo
997 511 1156 586 tompore
1172 510 1251 568 auxi

229 603 314 669 lium
327 603 419 689 petii.
455 595 571 661 Postea
585 597 668 664 mihi
682 623 751 664 nou
767 613 836 664 tam
852 622 1005 664 meorum
1019 601 1149 674 literae,
1163 626 1226 687 qua

230 704 402 769 sermones
418 720 547 772 eorum,
566 702 623 782 qui
637 696 700 763 bac
714 706 781 764 iter
798 700 977 775 faciebant,
1002 708 1149 768 animum
1166 716 1249 768 tuun

229 812 447 874 immutatum
469 795 708 886 significabant.
760 798 857 892 Quae
879 824 937 868 res
960 803 1062 876 fecit,
1084 818 1122 868 ut
1141 808 1203 869 tibi
1227 807 1250 870 li

229 911 314 973 teris
337 901 530 990 obstrepere
554 924 627 965 non
648 903 820 967 auderem.
871 903 973 969 Nunc
1002 903 1086 970 mibi
1110 905 1253 992 Quintu.

230 1011 340 1075 frater
354 1024 451 1069 meus
469 999 669 1067 mitissimam
685 1016 778 1071 tuam
802 1009 1010 1080 orationem,
1039 1029 1137 1090 quam
1158 1014 1192 1071 in
1217 1008 1248 1072 se

230 1123 314 1178 natu
338 1103 523 1178 habuisses,
552 1101 760 1192 perscripfit;
796 1127 861 1189 qua
882 1107 1043 1172 inductus
1066 1110 1106 1171 ad
1131 1123 1164 1174 te
1186 1109 1249 1174 scri

231 1215 315 1277 bere
332 1208 402 1274 sum
416 1221 576 1276 conatus,
603 1217 637 1268 et
651 1207 711 1271 aiis
731 1218 783 1280 te,
809 1219 867 1272 tua
883 1222 1045 1292 quantum
1062 1211 1130 1274 sert
1145 1211 1248 1275 volun

230 1328 301 1389 tas,
329 1323 410 1400 peto
435 1303 639 1392 quaesoque,
672 1318 710 1370 ut
733 1318 812 1371 tuos
838 1331 972 1374 mecum
995 1309 1105 1377 serves
1134 1316 1249 1398 potius

231 1435 332 1500 quam
344 1422 484 1502 propter
500 1396 712 1492 arrogantem
727 1405 962 1474 crudelitatem
977 1423 1114 1477 tuorum
1129 1435 1183 1476 me
1206 1436 1249 1501 op

229 1536 373 1607 pugnes.
417 1509 474 1574 Tu
490 1522 564 1572 tuas
580 1512 772 1572 inimicitias
796 1521 833 1573 ut
853 1516 905 1575 rei
925 1512 1078 1599 publicae
1100 1512 1248 1577 donares

230 1630 267 1681 te
287 1612 410 1689 vicisti:
433 1609 557 1676 alienas
582 1620 761 1676 utcontra
783 1634 854 1676 rem
880 1611 1048 1700 publicam
1065 1611 1248 1678 confirmes

143 1782 153 1795 ,
230 1711 437 1786 adduceris?
482 1709 582 1801 Quod
600 1706 621 1771 s1
636 1708 718 1774 mihi
734 1724 791 1779 tua
808 1714 985 1780 clementia
1010 1737 1109 1804 opem
1127 1714 1247 1779 tuleris

230 1817 389 1882 omnibus
407 1819 443 1881 in
457 1816 559 1877 rebus
577 1832 631 1874 me
647 1809 723 1876 sore
738 1817 770 1876 in
787 1827 844 1878 tua
859 1815 1038 1904 potestate,
1061 1817 1123 1879 tibi
1139 1813 1249 1879 constr

230 1941 298 1983 mo.
340 1915 402 1989 Sin
419 1912 501 1980 mibi
516 1933 625 1997 neque
641 1914 873 2001 magistratus,
892 1939 1002 2001 neque
1017 1917 1183 1990 senatum,
1205 1942 1248 1983 ne

230 2040 295 2103 que
317 2016 481 2105 populum
506 2013 675 2087 auxiliari,
711 2029 854 2102 propter
877 2039 949 2082 eam
974 2024 1060 2093 vim,
1097 2042 1251 2101 quaem

231 2141 310 2185 cum
332 2141 369 2183 re
391 2116 527 2207 publica
543 2121 640 2190 vicit,
664 2115 815 2181 licuerit:
842 2117 936 2193 vide,
958 2142 1020 2193 ne,
1037 2143 1146 2204 quum
1172 2120 1253 2187 veli

615 2367 879 2381 mnan-—

271 2545 303 2591 ut
346 2533 476 2603 ⁸finitum
521 2531 714 2615 postulabat]
771 2533 957 2593 referentem
985 2554 1051 2595 non
1080 2538 1249 2617 impediret

228 2620 316 2679 Haec
348 2618 440 2678 verba
475 2617 535 2676 buc
564 2616 714 2696 aptissime
771 2634 802 2677 et
819 2619 851 2677 id
868 2620 896 2677 se
914 2623 959 2678 rei
980 2620 1066 2698 publ.
1090 2622 1253 2684 causano

227 2703 381 2764 transtulit
401 2703 693 2784 Martyni·Lagunu
702 2745 713 2776 ,

228 2807 324 2872 quum
341 2786 434 2867 vulgo
451 2784 629 2868 legerentur
642 2803 713 2848 ente

224 2873 278 2933 isla
296 2882 326 2926 rt
342 2873 459 2945 gratius
481 2875 534 2927 tibi
549 2874 608 2944 egi.

269 2953 472 3036 mitissimam]
529 2976 612 3034 quae
638 2956 713 3016 mibi

221 3054 318 3102 antea
334 3040 488 3099 dissidenti
512 3038 596 3119 spem
612 3042 713 3102 attulit

224 3122 327 3184 auxilii
349 3130 401 3183 tui.
445 3122 583 3185 Fortasse
609 3130 711 3185 oratio

223 3211 275 3271 illa
291 3209 485 3292 significatur,
501 3231 594 3291 quam
605 3208 713 3270 habuit

223 3298 327 3376 primo
351 3294 525 3355 consulatus
550 3296 610 3366 die,
635 3296 684 3354 res
701 3328 714 3341 ·

222 3396 312 3441 rente
338 3380 379 3440 de
414 3381 518 3447 reditu
553 3381 712 3439 Ciceronis

223 3463 345 3543 college
359 3467 422 3523 eius
434 3465 465 3522 Ρ.
478 3464 621 3524 Lentulo.
638 3463 711 3522 Vid.

223 3569 270 3610 or.
287 3568 347 3626 pro
363 3551 444 3606 Sext.
470 3569 496 3614 t·
529 3544 651 3608 Mamer.

266 3635 472 3688 crudelitatem
484 3632 616 3713 tuorum]
637 3631 712 3690 Clo·

222 3717 365 3786 diorum3
379 3737 472 3792 quum
485 3716 559 3777 esset
571 3719 668 3776 stater
676 3717 710 3778 P.

224 3801 340 3862 Clodii.
380 3796 501 3857 slsunut.

215 3901 218 3906 '
263 3897 296 3944 tu
317 3896 383 3942 tuus
409 3885 596 3967 iuimicitias]
623 3904 710 3944 nem·

770 2704 873 2763 secere
888 2704 1012 2765 diceret.
1048 2701 1183 2780 Donare,
1200 2731 1253 2788 pr·

770 2785 918 2847 usuriori
934 2793 1108 2863 condonare,
1126 2797 1211 2853 cuius
1231 2815 1247 2852 e

771 2871 830 2933 alia
850 2872 988 2952 exemplu
1009 2873 1084 2934 sunt.
1131 2873 1252 2952 Ernesti

770 2958 920 3036 Exempla
945 2954 1033 3017 buius
1063 2958 1131 3018 usus
1155 2965 1244 3021 attuli

772 3043 931 3101 Graevius.
962 3044 1253 3128 Mertyni·Lagun.

770 3141 875 3186 tamen
889 3130 1054 3187 condonare
1062 3135 1094 3189 iu
1105 3147 1189 3190 textu
1200 3153 1245 3212 po

770 3208 837 3272 suit.

783 3321 784 3325 ¹
821 3294 1040 3380 magistratus]
1099 3296 1225 3358 consule

770 3380 935 3439 Lentulum
953 3396 984 3441 et
1001 3380 1138 3440 tribunos
1156 3385 1253 3462 plebi.

769 3462 825 3524 sibi
852 3467 989 3524 faventes
1030 3469 1136 3528 innuit.
1197 3470 1244 3528 Ite

770 3569 833 3628 que
879 3549 986 3609 melius
1034 3565 1100 3608 erat
1142 3551 1248 3628 plurm

769 3631 818 3692 bic
845 3637 906 3704 uti,
929 3654 1022 3712 quem
1045 3632 1147 3711 posuit
1173 3639 1247 3696 Mur

768 3719 1002 3800 tyni-Lagona.
1045 3718 1151 3800 Vulgo
1174 3728 1224 3781 eni

769 3801 920 3863 edebatur
939 3803 1155 3876 magistratum.

808 3896 931 3960 propter
954 3907 1018 3942 eam
1035 3886 1116 3966 vim]
1161 3888 1245 3948 tribu

205 3991 263 4051 ·pe
300 3991 396 4051 quum
426 3969 592 4029 Lentulum
622 3971 712 4030 Cice·
766 3975 873 4032 uitium
896 3968 996 4029 Clodii
1013 3983 1044 4027 et
1064 3970 1226 4033 consulare

181 4075 184 4080 ’
220 4075 300 4120 roae
329 4051 368 4116 ab
401 4054 492 4115 exilio
528 4056 709 4119 revocando
767 4052 884 4121 Pisonis
906 4067 938 4114 et
953 4052 1078 4116 Gabinii
1103 4050 1191 4118 Corr.
