2506 4808
165 326 208 395 5⁰
427 307 710 380 EPISTULA
768 310 940 382 XCVII.

23 566 27 575 ,
136 532 157 574 2
252 498 353 591 Quod
376 498 417 563 ad
441 520 497 565 me
514 499 557 563 de
572 497 727 571 Lentuli,
749 514 783 564 et
798 499 897 567 Sexti
914 509 1057 572 nomine
1078 505 1212 599 icripl'r⁴

167 601 227 675 sti,
259 603 395 668 locutus
419 599 490 665 lum
512 622 591 663 cnrn
616 601 748 665 Cincio.
788 601 935 692 Quoquo
957 608 1065 673 modo
1088 632 1153 678 res
1177 611 1211 678 sc

166 702 287 778 hebet,
309 725 378 768 non
405 701 451 767 est
473 701 647 774 facillima,
668 699 722 764 led
745 701 848 768 hahet
863 709 1021 791 proiecto
1039 709 1212 791 quiddam

167 804 326 872 Sardinia
348 800 531 890 appolltum
553 802 593 865 nd
617 803 888 870 recordationem
908 813 1117 896 praeteritae
1141 835 1212 879 rue·

166 913 306 972 moriac.
350 903 456 977 Nam,
490 916 527 967 ut
548 901 605 966 ille
628 902 806 968 Gracchus
827 928 954 992 augur,
983 907 1217 995 posteaquam,

165 1014 201 1074 in
224 1007 317 1073 istam
340 1009 547 1094 provinciam
570 1008 680 1077 vcnit,
702 1006 904 1070 recordatus
929 1009 993 1082 cst,
1019 1011 1106 1093 qnid
1131 1010 1209 1089 libi,

165 1115 200 1175 in
226 1109 357 1193 Campo
378 1105 506 1169 Martio
527 1109 662 1167 comitia
687 1103 861 1169 consulunt
888 1108 1046 1184 habenti,
1079 1127 1210 1180 contra

166 1207 309 1294 auspicia
332 1203 518 1270 accidisset:
541 1202 582 1266 hc
610 1217 648 1270 tu
669 1204 750 1270 mihi
772 1207 897 1273 videris
922 1214 957 1273 in
975 1209 1144 1278 Sardinia
1165 1216 1209 1281 de

165 1311 275 1377 fortna
295 1307 508 1378 Minuciano,
553 1315 586 1368 et
609 1303 652 1370 de
675 1311 869 1373 nominibus
890 1304 1139 1398 Pomponianis
1170 1322 1208 1383 in

167 1416 238 1478 otio
253 1406 435 1495 recogitall
454 1452 462 1467 .
1200 1464 1204 1471 .

137 1511 157 1578 3
253 1508 431 1576 Culleonis
455 1514 567 1574 auctio
593 1509 682 1574 facta
704 1508 760 1574 est.
819 1510 891 1578 Sed
915 1536 975 1602 ego
995 1513 1110 1583 adhuc
1136 1528 1210 1588 emi

546 1730 812 1746 m

208 1909 236 1953 ι.
261 1881 380 1945 [eatuli
400 1879 552 1969 etSextt]
577 1900 652 1948 nte
709 1885 799 1947 deor.
822 1885 1009 1963 c.4·lib.1.
1038 1888 1206 1964 deDiviu.

163 1971 298 2034 Lentulo
331 1986 363 2032 et
390 1972 484 2033 Sexto
514 1971 652 2031 debitam
709 1992 736 2031 c.
765 1990 810 2046 ¹7·
850 1992 900 2049 ep.
922 1972 1084 2036 Valerium
1112 1979 1203 2043 Max.

163 2057 580 2138 tibipecnnienrexigsmus;
601 2075 651 2115 ex·
707 2054 761 2116 lib.
776 2055 799 2115 l.
848 2051 970 2117 Manat.
1060 2062 1062 2069 '

163 2158 264 2205 actam
273 2142 452 2221 Pomponio
463 2144 586 2210 Attico,
602 2143 652 2201 cui
750 2138 906 2210 deforma
920 2138 1121 2230 Minuciam]
1141 2149 1204 2209 Aa.

162 2226 270 2297 debes,
290 2223 509 2306 persolvamus.
529 2219 651 2283 Mamer.
708 2224 843 2285 drictum
878 2226 963 2288 forte
984 2228 1122 2307 Quintus
1161 2235 1204 2296 ad

208 2308 335 2396 Cincio]
369 2311 404 2372 L,
427 2313 555 2382 Cincio,
596 2312 650 2386 qui
708 2331 777 2373 eam
799 2310 953 2383 formem,
981 2332 1077 2393 quem
1091 2315 1205 2381 Minu.

160 2395 253 2458 Attici
277 2399 403 2479 negotia
428 2395 550 2455 Romae
576 2414 651 2475 pro·
707 2397 770 2456 ciue
793 2393 977 2456 architectus
1003 2398 1123 2461 feceret
1151 2423 1202 2466 ex-

161 2483 299 2543 curebat.
344 2476 464 2539 Manna
705 2476 1121 2565 lirnivolebatci.ep.104.
1146 2489 1205 2565 (ecl

202 2570 244 2626 ad
268 2568 505 2624 recordationem
533 2574 650 2639 praeie-
708 2563 747 2644 Q.
765 2565 812 2624 Fr.
829 2564 867 2624 Il·
886 2567 934 2643 6.)
994 2614 1003 2633 .
1062 2588 1065 2593 ’

161 2655 240 2711 ritae
256 2647 437 2731 memoriae]
462 2649 502 2707 ed
519 2654 649 2708 excitatr-
752 2644 901 2707 Culleonis
914 2651 1011 2708 arretio
1024 2648 1116 2720 facta
1132 2657 1201 2741 est]

160 2737 232 2798 dem
248 2741 313 2795 eius
328 2738 371 2794 rei
386 2734 650 2805 recordationem,
707 2732 749 2794 de
771 2733 861 2794 bonis
878 2735 1036 2796 Culleonis
1058 2747 1201 2816 mortui,

160 2842 254 2902 quam
270 2841 306 2878 ex
321 2824 425 2879 animo
445 2817 551 2879 nostro
567 2818 651 2878 dele·
708 2837 790 2899 quae
803 2815 896 2879 fiebat
912 2824 992 2879 inter
1007 2817 1201 2901 coheredes,
1221 2891 1223 2895 ,

160 2910 204 2965 vit
230 2902 358 2965 oblivio.
403 2897 522 2963 Manet.
708 2922 774 2983 quo
796 2903 912 2963 facilius
935 2906 975 2965 ad
1000 2903 1087 2966 snum
1113 2916 1202 2983 quis.

203 2999 235 3047 nt
267 2991 318 3049 tlte
346 2983 494 3045 Gracchus
529 2985 647 3068 augeo]
706 3007 768 3068 qne
786 2992 968 3066 perveniret.
1012 2985 1134 3056 Manat,
1194 3020 1200 3032 ·

158 3075 207 3133 Ti.
231 3075 450 3154 Sempronius,
478 3071 594 3132 Tiberii
618 3087 650 3130 et
746 3087 777 3147 5.
792 3074 848 3147 fed
863 3076 1093 3150 egoodlrncemi
1105 3078 1200 3162 nitu]

158 3159 226 3219 Caii
253 3157 484 3231 Gracchorum,
529 3152 649 3218 clariffi·
705 3154 792 3216 Haec
812 3161 904 3218 verba
922 3161 1014 3242 vulgo
1034 3165 1066 3221 in
1094 3176 1201 3224 ornai-

156 3263 281 3304 morum
296 3259 458 3304 oratorum
472 3258 579 3322 pater,
596 3244 649 3321 qui
706 3239 762 3302 bns
784 3241 853 3302 edd.
879 3262 1040 3323 ponuntur
1053 3246 1126 3327 pol't
1149 3271 1198 3308 ce·

201 3350 254 3388 nm
276 3329 458 3390 recordetur
487 3325 576 3396 ellat,
615 3328 646 3385 in
704 3328 829 3402 guast&
853 3344 883 3387 et
902 3331 1057 3390 Manutius
1072 3335 1204 3394 intelle·

181 3411 370 3496 efignetione
399 3413 557 3474 consulum
580 3429 647 3469 uon
703 3416 746 3471 xit
768 3411 823 3485 hc,
846 3411 930 3493 qnafi
957 3417 1067 3474 Cicero
1091 3417 1199 3489 dicat,

155 3515 271 3562 recten
288 3499 318 3560 le
335 3499 567 3559 tabernaculum
586 3491 647 3553 elle
702 3494 733 3555 se
749 3496 850 3556 edlnrc
870 3499 975 3558 locum
989 3519 1053 3560 aon
1069 3500 1196 3568 emill'e.

155 3600 299 3662 captum,
319 3588 423 3665 deque
443 3582 547 3644 vitiosa
570 3575 647 3638 deli·
702 3581 755 3640 nbi
771 3580 984 3643 aedificaretur
996 3584 1117 3664 Quinto
1131 3588 1202 3650 ἰτὼ.

156 3674 305 3751 guntione
322 3670 362 3727 ed
383 3688 534 3752 angurum
552 3663 647 3723 colle·
701 3670 741 3725 tri
762 3668 802 3726 ed
822 3668 953 3728 sormam
968 3669 1195 3735 Minucienem.

156 3759 239 3834 glum
267 3749 403 3823 mifiss'eu
446 3770 578 3834 augures
605 3748 646 3808 ad
701 3750 818 3811 Verum
852 3749 913 3811 hoc
952 3756 1196 3821 incommodum

152 3838 493 3908 l'enetumretulerunt3
514 3833 649 3904 senatus,
701 3833 759 3906 est,
802 3834 1051 3916 etfrequentibus
1084 3841 1126 3902 ed
1149 3845 1194 3926 Q.

153 3939 188 3984 ut
204 3922 342 3985 combles
358 3922 548 3991 abdicarent,
572 3939 643 3979 cen·
698 3920 836 3980 Fratrem
860 3918 996 4000 epistolis
1014 3943 1193 4011 repugnet,

153 4007 234 4079 snit,
273 4005 412 4068 consules
449 4006 641 4066 abdicarunt.
700 4025 737 4064 ex
766 4006 877 4087 quibus
909 4005 1092 4086 perspicitur
1127 4017 1193 4074 iarn

152 4090 287 4153 Historia
302 4089 345 4153 eli
358 4091 411 4152 lib.
421 4091 459 4152 ΙΙ.
477 4093 517 4150 de
530 4106 642 4152 natura
698 4089 899 4171 tanuinti
924 4091 1055 4154 domurn
1084 4115 1199 4176 paene
