2506 4808
185 302 189 309 ’
269 325 552 401 EPISTOLA
591 332 826 401 vus-tx.
1022 365 1063 429 19

24 521 238 614 cognosces?
281 518 476 587 Sallustium
495 522 705 611 praesentem
729 518 908 590 restituere
926 532 963 592 in
986 534 1059 596 eius

29 640 179 695 ueterem
200 628 344 713 gratiam
365 646 436 687 non
454 628 563 711 potui.
607 623 685 687 Hoc
707 624 749 686 ad
765 636 800 687 te
817 624 942 714 scripsi,
968 633 1062 713 quod

36 734 66 797 is
78 751 129 793 me
145 725 301 792 aoctrsare
315 725 358 789 de
375 737 410 789 te
426 723 562 788 solebat.
605 723 656 790 At
672 731 709 788 in
724 723 756 801 se
775 738 937 813 expertus
959 729 1006 794 est
1029 733 1064 796 il-

39 832 105 900 bm
122 829 190 896 esse
211 832 323 893 minus
347 824 571 900 exorabilem,
604 845 719 889 meum
740 825 887 893 studium
912 850 977 893 nec
1002 837 1068 899 tibi

52 956 101 1002 ute
118 932 177 999 fibi
201 925 349 994 defuisse.

115 1030 309 1105 Tulliolam,
322 1027 364 1094 C.
380 1024 492 1091 Pisoni
508 1024 548 1088 L.
564 1025 601 1090 F.
617 1025 720 1114 Frugi
739 1028 993 1118 despondimus.
1077 1052 1098 1111 5

183 1192 471 1300 artsrotn
523 1220 589 1291 tx,
646 1218 759 1304 (nu.
798 1228 822 1297 t
857 1225 915 1324 4)

330 1380 532 1450 smillumae
547 1385 584 1446 A.
597 1385 635 1446 U.
656 1387 690 1447 C.
706 1388 777 1471 687.
1064 1466 1068 1477 Ι

126 1546 174 1613 Μ.
191 1538 342 1609 Aemilio
355 1534 504 1624 Lepido,
528 1532 569 1597 L.
585 1532 744 1601 Volcatio
767 1533 873 1603 Tullo
895 1540 984 1607 Coss.

51 1702 180 1789 fingetur
192 1696 318 1773 Atticus,
340 1705 372 1752 ut
390 1688 514 1749 Romam
530 1689 662 1772 Quintili
677 1693 772 1767 mense
787 1697 897 1769 veniat,
908 1695 987 1767 ficut
1000 1722 1071 1775 pro.

89 1809 212 1884 miserat.
234 1821 261 1861 1.
304 1800 343 1856 de
362 1790 394 1854 C.
406 1788 511 1850 Macri
524 1794 724 1850 damnatione.
747 1814 775 1852 a.
806 1799 914 1879 iterum
929 1799 1073 1881 defignia

83 1907 173 1991 ,ὥς
192 1915 222 1966 02
240 1904 324 1991 iibri?
339 1895 399 1971 fibi
411 1899 447 1953 ab
462 1892 560 1951 Attico
573 1895 789 1973 conservandis.
813 1909 844 1973 3.

274 2077 477 2151 orceuo
511 2049 763 2151 uitreo,
807 2075 845 2144 s.

128 2245 274 2312 Crebros
290 2234 555 2322 exspectationes
572 2234 672 2295 nobis
690 2236 739 2294 tui
755 2252 963 2299 commoves.
1008 2228 1094 2302 liu-¹

56 2373 109 2443 per
123 2346 274 2433 quidem,
302 2358 406 2423 quum
424 2340 491 2398 iam
505 2343 539 2397 te
554 2333 732 2398 adventare
750 2335 1006 2410 arbitraremur3
1027 2359 1077 2401 re-

10 2484 12 2533 5
55 2464 146 2542 pente
160 2451 218 2514 abs
234 2457 270 2508 te
283 2445 320 2506 in
335 2436 481 2505 mensem
491 2426 677 2525 Quintilem
696 2439 811 2499 reiecti
827 2432 951 2501 suntus.
976 2426 1078 2503 Nune

10 2544 12 2597 !
60 2547 286 2620 veronensem
317 2541 409 2624 quod
433 2537 616 2603 commodo
639 2546 698 2601 tuo
720 2538 830 2600 saccre
847 2545 994 2623 poteris,
1025 2563 1079 2607 ve·

10 2640 12 2703 ἷ
61 2662 122 2720 nias
138 2653 177 2718 ad
190 2649 229 2716 id·
240 2659 389 2731 tempus,
405 2642 495 2725 quod
514 2639 644 2702 scribis.
677 2635 812 2702 Obieris
829 2637 948 2728 Quinti
963 2642 1076 2709 sistris

10 2754 13 2835 J
64 2762 201 2836 comitia3
244 2767 310 2813 nos
341 2745 446 2833 longo
475 2736 651 2806 intervallo
681 2735 814 2818 viseris;
851 2737 1080 2831 Acutilianam
1109 2744 1115 2754 ⁴

10 2862 13 2945 j
66 2848 311 2925 controversiam
326 2847 546 2931 transegeris.
590 2838 668 2903 Hoc
685 2860 739 2900 me
757 2846 857 2903 etiam
873 2834 1079 2921 Peducaeus,

10 2952 12 2979 '
66 2961 144 3027 utad
158 2973 198 3032 te,
207 2954 410 3022 scriberem,
432 2946 619 3010 admonuit.
662 2938 823 3008 Putamus
839 2947 929 3007 enim
942 2944 1022 3011 utile
1038 2944 1081 3013 es·

429 3161 702 3183 Μ
737 3174 740 3181 Ι

10 3278 15 3423 l
99 3337 539 3432 Epist.1x.s.arttnaremur]
596 3348 745 3418 praetura
768 3331 810 3395 est
832 3337 864 3396 itt
885 3334 986 3396 Asiam
1008 3290 1085 3419 pru-

10 3432 13 3507 ἰ
70 3453 168 3517 nempe
191 3437 266 3515 quis
286 3435 349 3489 ism
369 3428 409 3488 nd
432 3427 542 3487 lenun-
598 3424 707 3482 fectus.
751 3419 843 3480 Periit
865 3423 960 3505 igitur
979 3424 1086 3484 aedili·

10 3518 16 3611 j
70 3524 135 3580 rium
151 3517 284 3579 mensem
301 3514 332 3576 h.
345 3534 373 3574 a.
388 3510 542 3592 exspecta·
598 3522 705 3577 tatem,
724 3505 848 3585 Lepido
861 3507 995 3569 etTullo
1011 3531 1085 3569 con·

10 3636 19 3683 ¹.
71 3600 155 3667 betur.
192 3604 241 3663 Cs.
265 3622 315 3681 ep.
339 3609 369 3670 8.
599 3591 731 3652 sulatum
756 3591 944 3670 gerentibus.
989 3592 1087 3654 Gesfit

10 3700 15 3763 ξ
107 3680 543 3773 Quinufratriscomitia]qui·
600 3679 696 3736 Cotta
723 3690 754 3734 et
784 3677 970 3756 Torquato,
1009 3696 1087 3759 quo·

75 3766 120 3833 bus
132 3774 317 3835 aedilitatem
333 3769 469 3850 Quintus
489 3785 545 3844 pe·
601 3766 685 3822 niam
722 3763 803 3818 inter
833 3762 1022 3823 aedilitatem
1056 3778 1088 3822 et

83 3856 155 3919 utar
185 3858 268 3918 Nom
284 3870 462 3936 praeturum
480 3847 545 3933 ges·
602 3843 1090 3925 praeturambienniuminteref-

10 3936 13 3947 '
88 3933 248 4003 istrienuio
281 3936 353 4019 posi
375 3937 483 3996 Silano
513 3950 545 3993 et
602 3931 633 3991 se
655 3925 774 3990 necesse
797 3946 863 3990 erat
888 3951 1017 3992 vacuum
1038 3950 1089 3988 or-

10 4026 14 4069 t
89 4020 194 4088 liusena
222 4020 303 4086 Coss.
331 4025 545 4104 proximisque
603 4017 727 4075 dinariis
762 4011 947 4077 honoribus.
1017 4008 1088 4072 Ma·

91 4104 269 4173 citeriore
290 4126 322 4173 et
343 4103 486 4169 Messalla
508 4124 547 4166 ex
601 4111 663 4159 nnt.
915 4192 942 4260 B

968 4218 985 4258 2
