2506 4808
369 300 654 377 srtsroun
693 295 793 385 xor.
1054 330 1097 399 η

68 505 214 566 maxima
223 496 465 562 acclamatione
491 495 648 570 senatus,
668 517 770 580 quum
797 499 934 562 comitia
957 477 1094 564 iudiciis

69 601 269 666 anteferret.
315 597 488 684 Philippus
513 594 640 660 assensit
659 596 817 661 Lentulo.
862 597 981 666 Postea
1001 596 1097 664 Raci-

66 705 134 771 lius
152 703 195 767 de
211 707 352 789 privatis
368 722 422 763 me
437 704 586 786 primum
601 695 797 763 sententiam
811 706 954 787 rogavit.
988 700 1098 793 Multa

67 807 137 872 feci
165 806 266 868 verba
297 803 339 866 de
362 815 436 866 toto
470 800 602 872 surore,
642 797 885 885 latrocinioque
907 800 943 866 P.
969 802 1097 868 clodii:

68 929 164 978 euin,
203 917 370 986 tamquam
396 924 511 975 rcum,
542 898 689 964 accusavi
711 888 844 977 multis,
880 916 915 968 et
943 900 1098 969 secundia

69 1008 438 1072 admurmurationibus
455 1007 568 1068 cuncti
586 999 729 1077 senatus.
776 1004 979 1070 Orationem
989 1027 1100 1070 meant

69 1108 274 1173 collaudavit
292 1104 368 1170 satis
385 1103 503 1167 multis
517 1105 647 1176 verbis,
665 1126 735 1168 non
749 1103 944 1170 mehercule
962 1106 1100 1172 indiser-

69 1223 106 1274 te
129 1210 237 1273 Vetus
262 1206 448 1273 Antistius:
486 1211 581 1288 isque
611 1205 816 1270 iudiciorum
839 1205 968 1271 causant
992 1206 1100 1303 susce3

69 1316 138 1398 pit,
168 1306 490 1392 antiquissimamque
520 1306 551 1370 se
573 1304 766 1371 habitururn
789 1307 884 1372 dixit.
926 1307 1042 1372 Ibatur
1064 1314 1101 1374 in

73 1433 147 1491 eam
169 1410 376 1475 sententiam.
420 1405 514 1471 Tum
533 1405 674 1471 Clodius
699 1420 854 1494 rogatus,
876 1408 966 1473 diem
989 1408 1103 1477 diceu-

72 1511 118 1576 do
140 1517 291 1575 eximere
307 1515 431 1596 coepit.
476 1509 639 1582 Furebat‚
662 1508 823 1573 aRacilio
844 1509 875 1574 se
898 1517 1102 1575 contumaci·

73 1627 145 1686 ter,
166 1614 359 1693 urbaneque
375 1624 544 1677 vexatum.
588 1610 720 1675 Deinde
736 1615 805 1673 eius
821 1631 944 1696 operae
962 1624 1102 1699 repente

74 1737 92 1778 a
116 1710 337 1800 Graecostasi,
384 1725 418 1775 et
444 1712 604 1800 gradibus
634 1710 817 1775 clamorem
844 1711 920 1775 satis
943 1734 1103 1801 magnum

74 1814 299 1900 sustulerunt,
323 1820 445 1901 opinor
467 1819 503 1877 in
522 1810 565 1902 Q
586 1810 786 1885 Sextilium,
809 1825 843 1875 et
863 1818 990 1878 amicos
1005 1814 1104 1879 Milo-

74 1923 129 1981 nis
153 1920 332 1990 incitatue.
367 1915 416 1978 Eo
439 1925 532 1976 metu
554 1917 680 1976 iniecto
703 1926 843 1999 repente
860 1912 981 2002 magud
995 1921 1104 1999 queri-

74 2022 189 2082 monia
210 2024 363 2080 omnium
389 2012 608 2079 discessimus.
651 2013 765 2079 Habes
795 2027 869 2078 acta
895 2020 993 2082 unius
1023 2016 1101 2082 diei.

117 2395 252 2452 maxima
267 2389 562 2471 acclamatione]dc·
616 2387 698 2448 liene
716 2393 844 2470 exponit
855 2391 1015 2454 Manutius
1022 2433 1032 2467 ,
1054 2415 1107 2458 va-

75 2480 255 2560 cipiendum
278 2482 309 2538 in
332 2491 454 2556 partem
476 2476 563 2535 deta·
617 2489 732 2537 ratuni.
775 2477 826 2535 Sic
860 2477 994 2536 eundem
1032 2479 1107 2541 Clo·

74 2572 201 2627 norem.
245 2557 371 2636 Ernesti.
620 2559 706 2618 dium
729 2560 841 2620 Cicero
871 2560 933 2622 alio
963 2577 1109 2644 tempore

123 2645 210 2706 Vetus
250 2643 416 2727 Antistius]
457 2642 563 2726 Vulgo
620 2648 653 2705 in
672 2642 870 2706 senatuiocis
892 2661 922 2705 et
940 2646 1109 2710 cavillatio·

80 2731 202 2793 Senarus
232 2731 383 2805 Antistius.
451 2730 564 2788 Melius
620 2728 924 2814 nibuaadeosregit,
946 2739 1109 2818 utmagnia

75 2820 235 2889 Manutius
267 2832 296 2877 et
322 2814 486 2874 Lambinus
515 2812 565 2872 vel
621 2813 1007 2878 senatorum'clamoribua
1033 2816 1110 2878 asili·

79 2901 149 2964 Sea.
173 2899 259 2960 Vetus
274 2901 415 2976 Antistius
438 2897 486 2957 vel
512 2894 563 2954 Ve-
622 2915 688 2959 ctus
708 2899 929 2960 conticesceret
956 2917 986 2963 et
1006 2908 1110 2963 conci·
1128 2890 1141 2914 ⁸

77 3001 124 3048 tas
140 2987 285 3064 'Antistius
308 2984 474 3068 legendum
504 2979 565 3041 esse
621 2984 780 3064 deretep.
792 3005 842 3058 ai,
853 2999 881 3058 5.
898 2987 1009 3067 ltaque
1021 2988 1115 3069 quod'

76 3074 271 3136 censuerunt.
298 3072 335 3130 Et
350 3071 480 3128 alterum
498 3072 566 3148 qui·
622 3069 672 3129 alii
687 3085 719 3129 et
739 3090 841 3148 nuper
855 3070 1006 3132 Ernestiua
1028 3078 1112 3134 iuve-

79 3161 153 3222 dam
190 3158 329 3238 placuit,
378 3157 566 3235 cognomina
621 3166 751 3225 serunt,
781 3158 996 3237 inmissaeque,
1023 3161 1111 3240 equi·

76 3248 197 3307 nomini
230 3235 435 3322 praeposito,
482 3243 566 3297 cuius
624 3239 695 3298 sleui
715 3243 840 3298 minime
864 3240 1046 3306 admiserim.

78 3334 202 3391 formae
240 3327 297 3386 alia
328 3321 490 3401 exempla,
532 3337 590 3382 tit⁴
666 3346 684 3383 a
713 3319 918 3408 Graecostasi]
943 3328 1042 3387 Varro
1071 3326 1113 3387 tle

80 3410 189 3472 Macer
204 3409 349 3481 Licinius,
374 3403 477 3464 Balbus
494 3403 565 3465 Cor'·
624 3409 658 3469 L.
687 3409 722 3466 L·
745 3408 800 3469 IV.
828 3423 879 3484 52.
949 3411 1066 3471 Dextra
1093 3432 1113 3471 ο

80 3497 233 3558 nelintille
251 3497 568 3556 eCiceronenotavit.
623 3497 753 3554 comitio
782 3492 871 3555 locua
909 3492 1113 3568 substructua,

80 3589 150 3646 Fuit
184 3598 287 3642 autem
319 3575 462 3639 Antistius
506 3576 568 3637 boc
622 3578 678 3638 ubi
712 3583 876 3638 nationum
921 3578 1114 3642 subsisterent

80 3687 225 3748 tempore
238 3665 377 3726 tribuuua
395 3661 505 3742 plebia.
622 3665 729 3744 legati,
744 3668 797 3742 qui
809 3664 1006 3726 aduenarum
1019 3663 1115 3726 essent

123 3752 567 3823 contumaciterurbaneqiteue·
626 3745 719 3818 unffi,
743 3753 767 3809 it
784 3747 989 3812 Graecostasi!
1007 3752 1116 3832 appol·
1218 3778 1223 3785 ·

81 3836 210 3919 aarum]
232 3833 387 3913 Significat
410 3852 426 3891 a
448 3831 569 3891 Racilio
626 3833 718 3893 laam,

83 3924 230 3987 Clodium
259 3912 321 3978 sine
349 3914 571 3977 intermissione
617 3940 620 3947 ·
668 3918 832 4001 gradibus]
864 3916 976 3999 quibua
1003 3917 1043 3977 ad
1067 3936 1118 3978 cu.

77 4027 113 4069 et
128 4009 245 4068 urbane
266 4003 295 4065 b.
311 4023 338 4062 a.
357 4000 479 4082 asperso
494 4001 570 4060 mul:
618 4005 706 4063 siaiu
722 4001 953 4065 ascendebatur.
976 3998 1096 4064 Mansit.

81 4111 184 4155 tarum
208 4092 389 4151 facetiarum
418 4085 498 4160 salo,
537 4101 572 4146 aa
616 4122 620 4127 -
659 4142 664 4151 ⁶
1024 4083 1028 4091 ¹
1095 4099 1103 4109 .
