2506 4808
160 312 204 381 ‘28
461 297 748 375 EPISTOLA
788 302 880 376 XC.

160 485 320 572 Reliqua,
344 484 569 561 martium,
596 493 633 554 in
654 488 803 557 mensem
826 492 1016 560 Ianuarium
1035 505 1194 567 reiicien·

158 603 228 656 tur.
271 588 325 652 Do
347 588 491 654 tribunis
512 587 622 675 plebis
646 590 747 679 longe
763 599 926 681 optimum
944 594 1112 663 Racilium
1133 598 1194 665 ha-

159 693 291 777 bemus.
333 688 479 756 Videtur
500 695 599 756 etiam
621 686 788 759 Antistius
811 701 939 762 amicus
969 700 1070 763 nobis
1099 701 1193 766 fore·

159 792 246 861 Nam
259 789 414 856 Plancius
444 801 537 855 totus
565 791 677 856 noster
698 793 756 858 eit.
781 793 882 870 Fac,
905 794 926 860 st
945 819 1130 875 maumas,
1151 809 1194 870 ut

159 891 366 963 corafiderate
374 934 385 965 ‚
406 886 653 977 diligenterque
666 901 800 983 naviges
816 896 860 962 de
873 899 1194 971 menseDecembri.

227 1052 513 1159 'urtsroun
540 1087 635 1159 xci.
685 1083 765 1178 (ad
786 1088 883 1166 niv.
908 1092 998 1168 vu.
1029 1096 1112 1185 ia.)

157 1252 225 1319 scr.
249 1255 281 1314 in
300 1246 476 1313 Tusculano
505 1247 542 1312 A.
566 1249 605 1316 U.
629 1251 663 1315 C.
692 1252 762 1335 696.
793 1269 828 1316 ut
850 1253 987 1333 videtur,
1032 1262 1192 1324 incertum

502 1348 607 1397 tumen
642 1357 707 1421 quo
732 1337 844 1404 menso.

158 1452 269 1517 'Scribit
290 1456 347 1532 siti
369 1457 398 1513 in
422 1475 510 1513 coena
532 1454 672 1535 augurali
695 1450 814 1515 Lentuli
839 1456 980 1546 διαῤῥοιαν
1004 1473 1192 1523 contractam

202 1559 275 1638 affe,
299 1561 424 1643 ideoque
438 1559 472 1635 se
491 1557 667 1618 valetudinis
681 1558 766 1634 causa
783 1561 813 1618 ia
829 1552 1024 1638 Tusculanum
1035 1561 1168 1645 sugiffe.

387 1738 590 1809 CICERO
624 1737 661 1807 S.
685 1740 730 1806 D.
753 1739 955 1812 GALLO.

156 1962 160 1970 ,
260 1893 373 1988 Quum
396 1894 564 1959 decimum
583 1899 650 1958 iam
675 1893 764 1959 diem
787 1902 934 1983 graviter
953 1920 996 1963 ex
1017 1899 1189 1969 intestinis

159 1998 364 2086 laborantum
389 2018 498 2083 neque
512 2000 572 2069 iia,
597 2000 653 2078 qui
669 2016 741 2059 mua
754 2016 855 2084 opera
874 2005 923 2064 uti
941 1997 1108 2076 volebant,
1131 2024 1190 2068 me

158 2103 342 2190 probarunt
359 2121 426 2163 non
444 2093 574 2169 valere,
599 2101 673 2179 quia
688 2097 810 2160 febrim
828 2122 896 2163 nun
915 2098 1091 2166 haberem:
1116 2103 1191 2192 fugi

158 2207 195 2269 in
209 2201 454 2281 Tusurdamnn3
475 2219 579 2282 qnum
593 2197 728 2279 quidem
747 2199 883 2266 biduum
905 2207 950 2266 ita
965 2207 1095 2267 ieiunus
1112 2202 1192 2269 fuis·

158 2301 237 2378 sum,
260 2316 299 2369 ut
315 2324 357 2367 nn
374 2322 492 2385 aquam
509 2297 643 2383 quidem
658 2297 832 2385 gustarem.
873 2303 988 2385 Itaque
1008 2304 1190 2371 confectus

159 2404 341 2495 languore,
373 2406 408 2468 'et
430 2405 536 2474 famu,
563 2405 670 2487 magis
698 2413 791 2466 tuum
815 2398 964 2467 officinm
986 2402 1192 2482 desideravi,

55 2494 62 2516 '
160 2528 258 2591 quum
282 2506 341 2569 abs
360 2516 394 2571 ta
412 2506 536 2588 requiri
559 2506 671 2588 putavi
694 2522 817 2566 meum.
866 2505 937 2594 Ego
953 2518 1062 2571 antem
1083 2530 1192 2589 quum

160 2628 281 2674 ‹nnnus
314 2607 454 2670 morbos
486 2600 691 2675 reformido,
734 2615 806 2668 tum
835 2610 871 2669 in
899 2627 964 2689 quo
996 2607 1193 2695 Epicurum

153 2788 156 2795 Ι
199 2819 231 2874 t'n
271 2811 396 2888 mensem
444 2803 644 2894 Ianuarium]
700 2811 811 2870 Cicero
851 2805 978 2872 testatur
1012 2813 1084 2894 (op.
1113 2819 1192 2897 97.)

158 2903 232 2982 quia
257 2895 370 2977 reliqui
396 2912 485 2956 erant
512 2896 644 2958 Decem·
699 2890 820 2952 Manat.

155 2977 438 3050 briamenfirdiea,
458 2980 570 3062 quibua
590 2980 644 3042 lm·
741 2975 834 3055 Epist.
855 2980 938 3040 XCI.
1000 3003 1025 3043 ι.
1061 2994 1125 3042 tum
1159 2990 1193 3047 in

156 3066 225 3129 bari
250 3064 386 3129 l'eumum
413 3063 537 3139 liceret,
567 3085 644 3148 pru·
700 3061 900 3207 qronVulgo
916 3070 1194 3143 tmnqnod.Codd.

156 3148 278 3224 citimi,
313 3168 427 3231 nempe
451 3167 586 3232 quatuor
609 3165 645 3211 ut
701 3147 772 3208 Get
796 3148 861 3208 ardt
878 3152 984 3208 tamin
1001 3157 1089 3234 quod.
1120 3157 1195 3216 Ma.

155 3255 225 3299 mar
239 3238 351 3316 opinio
365 3236 442 3311 [ειη
462 3255 534 3299 anm
547 3253 643 3317 quum
698 3247 764 3294 nur.
782 3233 911 3295 notabat
929 3246 990 3293 tam
1008 3261 1060 3313 qno
1071 3259 1082 3306 ;
1107 3245 1197 3320 opu.

150 3322 197 3385 ›ab
217 3321 322 3384 Idibus
342 3321 537 3391 Decembria,
599 3338 640 3381 no
699 3336 783 3376 mum
802 3334 906 3380 tamen
920 3317 961 3379 est
984 3333 1045 3380 rum
1063 3325 1091 3382 in
1110 3347 1195 3406 quo,

157 3405 358 3471 dieiunntum
376 3426 393 3468 ι
408 3407 499 3489 Lupo
517 3341 643 3466 endu-
696 3399 732 3461 id
757 3402 845 3482 quod
867 3404 942 3464 vidn
962 3404 1095 3482 Ernesti3
1127 3409 1193 3473 scil.

155 3492 255 3556 bitum
277 3489 478 3554 existimamur
508 3490 550 3553 ad
573 3485 641 3548 Kal.
701 3500 765 3548 tum
788 3491 918 3548 maxime
941 3509 1010 3555 eum
1039 3493 1192 3557 morbum

154 3577 289 3642 ianuarii
312 3577 376 3639 diat
398 3573 504 3638 xvtn
535 3589 645 3636 numa·
700 3571 891 3646 reformido,
914 3577 944 3634 tn
967 3596 1031 3656 quo
1046 3593 1103 3637 etc.

156 3678 263 3726 rentur
286 3682 321 3722 ex
338 3665 372 3722 iia
389 3679 489 3742 porro
503 3655 570 3718 iusti
586 3652 643 3716 sint
745 3652 926 3741 Epicurum]
949 3664 973 3722 ia
997 3664 1077 3722 onim
1096 3668 1193 3726 tami,

155 3751 203 3823 V,
226 3745 396 3810 comitidar
416 3744 471 3807 IX.
499 3739 566 3805 fatti
581 3740 642 3813 lv,
699 3740 816 3803 vesicae
846 3758 877 3804 ot
897 3744 1043 3807 viscerum
1069 3747 1196 3809 dolori-

154 3834 294 3916 sequitur
308 3847 342 3891 ut
359 3840 561 3909 perquirunt
577 3839 642 3888 tun·
700 3825 758 3887 bur
777 3825 973 3911 affligebatur
997 3847 1030 3890 ut
1050 3829 1126 3892 niln'i
1149 3835 1194 3894 ad

156 3935 223 3981 tum
237 3918 300 3980 dier
316 3914 422 3976 haberi
438 3908 558 3972 sanatus
573 3905 644 3992 poi·
700 3930 811 3972 uorum
829 3913 1070 3994 magnitudinum
1088 3915 1195 3995 poliat

155 4004 208 4071 iet.
253 4003 333 4064 Nun
348 3997 379 4058 id
395 4015 453 4076 pur
467 3995 532 4057 diat
550 3996 644 4057 comi·
690 3995 859 4060 accudere.
883 3999 946 4062 Cic.
961 3999 1000 4061 de
1011 4001 1074 4060 Fin.
1085 4002 1123 4061 11.
1137 4016 1192 4076 30.

155 4087 244 4152 dalea
260 4086 328 4147 fieri
342 4080 426 4144 haud
439 4076 646 4166 potuiffoipso
