2506 4808
158 358 225 424 5ro
435 326 722 403 EPISTOLA
773 324 926 395 CLVI.

165 532 314 617 cogitas,
343 522 525 590 adventare
547 532 582 583 et
602 536 711 605 prope
731 511 839 580 adesse
865 519 939 589 iam
966 512 1100 579 debes.
1145 512 1211 578 Non

164 625 364 699 mehercule
379 645 486 707 aequo
500 626 611 686 animo
632 632 668 682 te
684 637 794 683 careo.
839 611 899 680 Te
916 629 1049 682 autern
1063 616 1150 699 quid
1168 622 1211 680 mi

167 753 262 804 rum,
283 735 340 812 qui
355 719 557 816 Dionyfium
578 731 757 806 tantopere
779 712 1002 781 deriderem?
1027 737 1139 800 quern
1158 722 1210 800 qui·

142 831 249 899 *dem
269 833 330 894 abs
351 840 406 902 te,
441 845 544 910 quum
567 821 640 888 dies
664 824 814 889 venerit,
843 827 879 880 et
906 837 1000 903 ego,
1035 831 1076 882 et
1100 818 1209 883 Cicero

168 951 269 1000 meus
298 928 470 1020 flagitabit.
512 923 590 991 Abs
618 934 654 986 te
679 923 851 1008 proximas
887 915 1017 985 literas
1053 917 1208 984 habebam

170 1030 302 1123 Epheso
324 1052 354 1095 a.
380 1030 413 1095 d.
426 1046 452 1094 v
466 1026 511 1094 id.
530 1023 628 1093 Sext.
653 1021 759 1086 datas.

219 1222 501 1298 EPISTOLA
531 1218 699 1288 CLVII.
745 1208 826 1299 (ad
850 1217 950 1284 Art.
977 1214 1059 1285 IV.
1094 1213 1170 1302 ιθ.)

147 1430 153 1443 ·
274 1390 396 1470 Scripta
412 1401 537 1467 praeter
552 1387 580 1462 §.
600 1401 626 1442 1.
641 1394 773 1442 exeunte
786 1378 867 1438 Nov.
886 1378 922 1440 A.
935 1376 979 1440 U.
992 1379 1033 1441 C.
1052 1386 1131 1465 599,

176 1535 227 1600 De
247 1539 395 1617 consulum
415 1557 480 1594 curn
497 1534 660 1609 consulatus
674 1529 911 1606 competitoribus
934 1535 1095 1605 pactione
1120 1554 1146 1595 1.
1180 1536 1205 1592 ie

207 1643 266 1719 suo
288 1662 353 1700 cum
372 1637 497 1716 Caesare
515 1638 717 1695 coniunctione
733 1644 762 1693 et
776 1629 913 1709 Pompeii
933 1637 1106 1712 legatione
1122 1640 1204 1698 obern·

215 1747 256 1803 do
281 1764 311 1807 ι.

403 1901 609 1972 CICERO
652 1897 894 1975 ATTICO,
938 1899 979 1967 S.

230 2126 233 2131 ,
277 2054 641 2141 Putoteertistimare,
662 2076 736 2128 me,
761 2074 852 2117 nunc
869 2053 1024 2118 oblitum
1042 2032 1225 2122 consuetu-t

174 2157 264 2227 dinis
285 2173 320 2226 et
340 2159 482 2224 instituti
503 2163 592 2230 mei,
615 2162 725 2220 rarius
741 2156 783 2218 ad
802 2171 836 2220 te
855 2156 1023 2230 scribere,
1052 2179 1156 2242 quarn
1172 2155 1206 2220 lo

171 2259 300 2342 leham;
346 2256 420 2335 sed,
457 2283 560 2345 quum
587 2257 661 2323 loca
683 2269 723 2337 et,
740 2261 861 2324 itinera
882 2269 939 2321 tua
966 2256 1065 2324 nihil
1091 2258 1206 2325 hahere

173 2370 260 2434 certi
284 2361 400 2452 video,
428 2382 538 2446 neque
560 2368 595 2429 in
616 2360 778 2446 Epirum,
814 2382 922 2444 neque
945 2357 1141 2436 AthenaS,
1165 2378 1206 2423 ne

173 2486 239 2551 que
260 2469 296 2530 in
310 2458 442 2536 Asiam,
464 2482 573 2547 neque
598 2468 771 2546 cuiquam,
792 2462 850 2527 nisi
872 2461 913 2526 ad
928 2473 964 2525 te
983 2462 1105 2550 ipsum
1122 2457 1207 2550 profi·

173 2565 328 2639 dicenti,
349 2562 429 2628 dedi
450 2563 580 2629 literas.
624 2562 743 2647 Neque
767 2571 858 2629 enim
881 2562 956 2628 sunt
977 2585 1044 2627 eae
1061 2563 1208 2653 epistolae

171 2666 325 2739 nostrae,
346 2681 430 2749 quae
451 2664 472 2727 fi
493 2665 639 2752 perlatae
654 2688 724 2731 non
750 2665 828 2741 hnt,
849 2663 933 2730 nihil
952 2686 991 2729 ea
1011 2686 1074 2730 res
1093 2688 1159 2732 nos
1173 2664 1208 2730 ol·

172 2766 304 2836 leniora
326 2764 378 2846 fit3
402 2782 485 2850 quae
507 2772 640 2830 tantum
665 2765 792 2832 habent
813 2763 1082 2860 mysteriorum,
1107 2782 1207 2834 utras

170 2888 217 2943 ,ne
230 2868 378 2937 librariis
397 2863 534 2953 quidem
549 2867 623 2932 fere
640 2873 905 2945 committamus.
948 2883 966 2922 *
992 2884 1014 2923 ¹*
1042 2886 1062 2924 t

214 3258 245 3331 4.
262 3247 439 3337 flagitabit]
465 3250 514 3312 vel
533 3261 568 3311 ut
588 3268 662 3311 eum
716 3267 768 3313 tor
781 3247 857 3312 aliur
870 3238 1037 3311 cuiusdam
1056 3254 1209 3336 epistolae

169 3342 385 3410 manumittas,
406 3335 456 3396 vel
469 3351 504 3396 ut
517 3356 588 3396 eum
605 3341 661 3395 mi·
716 3339 798 3397 Nem
813 3357 909 3415 quum
921 3335 1047 3398 Atticus
1063 3345 1132 3400 iem
1150 3338 1210 3401 ellot

169 3415 465 3484 hloderudiendum
475 3422 659 3482 Ciceronem
716 3427 748 3482 in
770 3422 876 3492 Italia,
907 3439 1053 3503 eumque
1075 3427 1211 3506 quotidie

167 3505 270 3567 lilium
281 3508 448 3568 concedas.
716 3506 839 3567 Romae
855 3505 1063 3584 exspectaret,
1076 3516 1211 3592 ineptum

210 3589 555 3675 proximas1‚nempe
591 3608 661 3652 earn
717 3588 819 3652 initiet
840 3595 869 3649 ei
893 3610 1078 3668 exponere,
1108 3595 1212 3657 curel

171 3675 333 3756 epistolam
362 3677 471 3743 Attici,
495 3679 545 3735 cui
578 3695 662 3736 nunc
717 3695 789 3736 eum
807 3673 1044 3756 retrusionem,
1063 3701 1213 3763 ocnequo

161 3759 359 3842 respondet,
400 3764 544 3839 proxime
576 3776 663 3822 ante·
716 3764 750 3822 in
770 3761 897 3836 Epirum
926 3779 1038 3841 neque
1060 3765 1213 3834 Athenai,

161 3846 328 3908 rodentes.
717 3862 823 3926 neque
836 3849 868 3906 in
877 3840 977 3904 liliam
994 3853 1154 3932 cuiqnam
1168 3847 1215 3912 nili

178 3928 307 4011 '·¹Eplst.
327 3929 447 3991 CLVII.
491 3933 518 4008 ς.
541 3950 568 3991 r.
589 3939 662 4004 poto
708 3930 762 3990 fed
783 3949 855 3989 eum
874 3927 1093 4012 proficiscenti
1118 3938 1215 4000 litores

170 4022 202 4074 te
218 4050 258 4064 υ-
280 4013 523 4097 committemus]
576 4017 664 4075 Haec
705 4013 851 4076 merloti&

169 4100 265 4162 verbe
287 4116 410 4182 portem
432 4096 536 4163 ieciiie
556 4099 662 4162 viden·
752 4114 764 4121 ··
806 4122 810 4133 ·
868 4114 874 4143 -“
