2506 4808
101 311 168 385 322*
356 294 640 365 eiisroii
688 295 881 375 cxxvi.

161 492 442 567 EPISTOLA
466 494 642 563 Lxxvt.
680 486 756 581 (ad
780 489 878 566 Div.
903 490 1021 571 XIV.
1044 497 1107 588 2.)
1132 505 1138 519 '

211 661 276 721 Ser.
295 654 532 721 Thessalonicae
551 654 607 719 nt
622 677 697 719 riori.
714 659 786 721 Oct.
806 658 845 719 A.
859 658 902 721 U.
918 659 958 721 C.
973 662 1050 745 695.

109 811 298 890 Moefti'ti'am
311 813 399 890 suam
421 821 451 868 et
472 830 591 882 euram,
633 812 804 892 luctumque
826 832 868 871 eat
893 816 1022 891 maguis
1045 817 1142 875 uxorii

152 915 293 990 molestiis
315 918 349 971 ob
366 914 463 988 cttfitm
477 914 565 988 suum
577 911 718 986 susceptis
737 916 887 986 declarat,
918 926 951 974 et
966 926 1002 974 ut
1015 916 1140 991 suisse-

153 1024 297 1078 cultatim
309 1018 441 1093 reliquiis
453 1025 569 1090 parcat,
591 1017 846 1091 valetudinemque
860 1024 958 1088 curet,
971 1019 1119 1079 hortatur.

112 1196 321 1271 TULLIUS
354 1191 632 1259 TERENTIAE
669 1190 811 1271 SUAE,
855 1190 1135 1273 TULLIOLAt,

320 1294 388 1363 ET
409 1293 628 1361 CICERONI
658 1292 784 1369 Stis,
823 1293 864 1362 S.
885 1294 934 1361 D.

193 1452 275 1518 Noli
290 1463 427 1541 putare,
447 1471 502 1513 me
521 1446 563 1511 ad
578 1468 781 1530 quemquam
795 1446 974 1535 longiores
991 1448 1131 1539 epistolis
1154 1488 1157 1493 ·

113 1557 278 1627 scribere,
299 1549 375 1625 nisi,
399 1548 420 1614 si
438 1554 494 1635 qui
510 1548 551 1613 ad
567 1570 621 1612 me
637 1548 733 1635 plura
747 1548 887 1637 scripsit,
910 1557 967 1616 cui
990 1564 1073 1641 puto
1091 1574 1132 1617 re·

115 1657 214 1723 scribi
228 1667 399 1743 oportere.
441 1650 515 1715 Nec
531 1655 621 1714 enim
634 1648 761 1726 liabeo,
786 1652 880 1733 quod
895 1651 1056 1716 scribam:
1076 1672 1128 1717 nee

115 1759 181 1823 hoc
206 1770 360 1841 tempore
381 1752 562 1835 quidquam
579 1747 749 1817 difficilius
773 1752 871 1817 sacio.
917 1751 978 1817 Ad
998 1767 1033 1817 te
1050 1774 1144 1833 vero„

115 1870 151 1925 et
166 1856 208 1922 ad
222 1854 371 1921 nostram
384 1852 568 1919 Tulliolam
584 1875 653 1919 non
667 1875 753 1939 queo
779 1850 845 1917 sine
866 1852 1026 1940 plurimis
1046 1853 1123 1917 lieri

116 1965 183 2025 mis
204 1956 360 2022 scribere.
408 1955 482 2018 Vos
505 1960 596 2018 enim
617 1952 714 2021 video
735 1952 799 2019 esse
818 1952 1040 2032 miserrimas,
1058 1972 1121 2039 quat

118 2082 181 2148 ego
204 2055 400 2122 beatissimas
424 2053 554 2143 semper
574 2052 637 2118 esse
662 2052 753 2119 volui
773 2052 875 2139 idque
898 2053 1065 2143 praestare
1081 2052 1121 2117 de

118 2165 194 2225 biii:
222 2173 275 2233 et,
303 2156 360 2222 nisi
376 2169 444 2219 tam
460 2155 571 2220 timidi
585 2152 776 2233 fuissemus,
804 2154 1049 2243 praestitissem.
1080 2152 1118 2221 Pi
1153 2214 1157 2219 .

117 2263 232 2327 sonem
247 2259 400 2325 nostrum
416 2263 540 2319 merito
557 2261 629 2320 eius
647 2278 722 2319 amo
736 2255 935 2344 plurimum.
979 2259 1074 2333 Eum,
1086 2264 1116 2319 iit
1154 2292 1159 2317 i

116 2371 231 2452 potui,
257 2384 319 2451 per
331 2360 449 2424 literas
467 2353 666 2423 cohortatus
683 2357 772 2431 suin,
797 2363 991 2445 gratiasque
1013 2365 1115 2450 egini

117 2467 230 2530 debui.
279 2464 319 2527 In
341 2466 436 2526 novis
463 2460 608 2523 tribunis
631 2460 739 2548 plebis
760 2456 913 2545 intelligo
934 2459 1026 2547 spem
1039 2456 1115 2525 telle

116 2569 210 2632 bere.
253 2564 292 2628 Id
312 2568 377 2625 erit
397 2558 548 2632 firmum,
572 2556 933 2649 fiPoiiipeiivoluntas
950 2566 1025 2626 erit.
1063 2554 1114 2627 Sel

117 2667 269 2735 Crassum
286 2675 401 2726 tamen
416 2674 541 2725 iiietiio.
585 2658 621 2725 A
641 2674 674 2725 te
701 2658 837 2743 quidem
852 2654 969 2725 omnia
990 2660 1133 2743 teritur,

117 2768 255 2837 tissime,
286 2775 321 2825 et
343 2759 559 2824 amantissime
576 2763 692 2836 video,
713 2782 776 2824 nec
791 2764 916 2843 niiror3
940 2760 996 2827 sed
1009 2780 1132 2837 maeret:

118 2869 229 2934 casum
244 2862 429 2935 eiusmodi,
450 2874 488 2925 iit
504 2868 608 2927 tantis
631 2868 698 2927 tuis
715 2860 853 2925 miseriis
875 2883 972 2927 iiieae
994 2864 1116 2931 nitteriii

115 2968 342 3035 subleventur.
386 2961 472 3024 Nam
486 2964 528 3025 ad
545 2985 600 3026 me
618 2961 655 3027 P.
677 2961 852 3036 Valerium
885 2960 993 3030 homo
1015 2962 1118 3032 officio·

83 3064 86 3069 ¹
116 3070 181 3142 sus,
196 3062 332 3153 scripsit,
351 3062 386 3126 id
402 3065 491 3145 quod
508 3085 572 3150 ego
588 3068 736 3127 maximo
751 3086 829 3128 cum
845 3062 928 3129 fletu
942 3064 1019 3154 legi,
1032 3082 1118 3151 quem·

115 3167 301 3233 admodum
323 3186 342 3228 a
361 3164 479 3229 Vestae
500 3164 542 3227 ad
561 3163 707 3227 tabulam
731 3164 903 3229 Valeriam
925 3165 1028 3233 ducta
1047 3162 1115 3231 esses·

495 3383 765 3397 nm*-

156 3538 251 3623 Epist.
263 3539 406 3601 LXXVI.
450 3562 502 3600 nec
523 3545 602 3600 enim
658 3543 754 3616 casum
770 3541 903 3617 esseeius
919 3546 1061 3607 modi-
1081 3532 1123 3599 Er*

116 3629 205 3686 liabeo
221 3630 299 3705 quod
305 3625 449 3707 scribam]
479 3627 600 3688 81th
658 3630 741 3704 nesti.

115 3736 219 3785 meus,
246 3712 351 3771 Guels.
368 3733 396 3769 2.
413 3727 444 3769 et
458 3711 529 3770 edd.
552 3734 600 3791 pr.
699 3715 884 3771 adtributam
896 3709 1128 3801 Virtomane

114 3800 317 3859 Receniiores
336 3798 419 3877 quid,
444 3794 543 3868 male,
566 3810 602 3855 ut
658 3816 710 3858 oui
724 3801 755 3857 iii
769 3798 842 3857 soro
860 3799 938 3873 suit,
963 3821 1032 3883 quo
1054 3800 1132 3862 iiiii·

111 3904 217 3965 prope
229 3882 358 3960 semper.
390 3876 517 3953 Ernesti.
657 3886 690 3941 ni
726 3881 825 3962 plebis
861 3892 1035 3947 convenire
1069 3884 1134 3947 soliti

156 3971 253 4045 casian
275 3962 441 4044 eiusmodi]
486 3960 536 4022 Est
553 3960 602 4024 liic
657 3962 735 4028 sunt.
778 3968 814 4027 ln
835 3968 942 4029 Vttin.
965 3992 994 4033 c.
1015 3994 1044 4055 9.
1065 3988 1136 4049 qiiitm

113 4051 233 4137 aliquid
246 4052 325 4111 duri.
347 4048 522 4128 Suspicatus
535 4046 602 4109 sum
658 4072 725 4107 eiiiiz
745 4061 779 4109 tu
806 4054 957 4128 consulem
979 4059 1014 4117 iii
1038 4056 1138 4117 vincul!
