<?xml version="1.0" encoding="UTF-8"?>
<!DOCTYPE html PUBLIC "-//W3C//DTD XHTML 1.0 Transitional//EN"
    "http://www.w3.org/TR/xhtml1/DTD/xhtml1-transitional.dtd">
<html xmlns="http://www.w3.org/1999/xhtml" xml:lang="en" lang="en">
 <head>
  <title>
</title>
<meta http-equiv="Content-Type" content="text/html;charset=utf-8" />
  <meta name='ocr-system' content='tesseract 3.04.00' />
  <meta name='ocr-capabilities' content='ocr_page ocr_carea ocr_par ocr_line ocrx_word'/>
</head>
<body>
  <div class='ocr_page' id='page_1' title='image "./mtciceronisepis00billgoog/mtciceronisepis00billgoog_0576.png"; bbox 0 0 2506 4808; ppageno 0'>
   <div class='ocr_carea' id='block_1_1' title="bbox 299 306 1098 389">
    <p class='ocr_par' dir='ltr' id='par_1_1' title="bbox 299 306 1098 389">
     <span class='ocr_line' id='line_1_1' title="bbox 299 306 1098 389; baseline 0.014 -10"><span class='ocrx_word' id='word_1_1' title='bbox 299 307 580 380; x_wconf 82' lang='lat' dir='ltr'>EPISTOLA</span> <span class='ocrx_word' id='word_1_2' title='bbox 629 306 862 379; x_wconf 81' lang='lat' dir='ltr'>CXLVIlIt</span> <span class='ocrx_word' id='word_1_3' title='bbox 1035 319 1098 389; x_wconf 75' lang='lat'>233</span> 
     </span>
    </p>
   </div>
   <div class='ocr_carea' id='block_1_2' title="bbox 67 491 1128 1387">
    <p class='ocr_par' dir='ltr' id='par_1_2' title="bbox 67 491 1128 1088">
     <span class='ocr_line' id='line_1_2' title="bbox 69 491 1102 583; baseline -0.002 -20"><span class='ocrx_word' id='word_1_4' title='bbox 69 504 172 563; x_wconf 84' lang='lat' dir='ltr'>etiam</span> <span class='ocrx_word' id='word_1_5' title='bbox 194 503 230 563; x_wconf 91' lang='lat' dir='ltr'>in</span> <span class='ocrx_word' id='word_1_6' title='bbox 254 504 343 571; x_wconf 89' lang='lat' dir='ltr'>tuis,</span> <span class='ocrx_word' id='word_1_7' title='bbox 367 510 481 562; x_wconf 82' lang='lat' dir='ltr'>tamen</span> <span class='ocrx_word' id='word_1_8' title='bbox 502 502 537 561; x_wconf 85' lang='lat' dir='ltr'>in</span> <span class='ocrx_word' id='word_1_9' title='bbox 558 491 707 561; x_wconf 86' lang='lat' dir='ltr'>molestia</span> <span class='ocrx_word' id='word_1_10' title='bbox 729 496 883 583; x_wconf 84' lang='lat' dir='ltr'>gaudeo,</span> <span class='ocrx_word' id='word_1_11' title='bbox 904 516 976 561; x_wconf 87' lang='lat' dir='ltr'>eam</span> <span class='ocrx_word' id='word_1_12' title='bbox 999 494 1102 561; x_wconf 80' lang='lat' dir='ltr'>sitient</span> 
     </span>
     <span class='ocr_line' id='line_1_3' title="bbox 72 597 1102 687; baseline -0.002 -22"><span class='ocrx_word' id='word_1_13' title='bbox 72 598 230 687; x_wconf 80' lang='lat' dir='ltr'>cognosse</span> <span class='ocrx_word' id='word_1_14' title='bbox 254 597 448 672; x_wconf 87' lang='lat' dir='ltr'>hominum,</span> <span class='ocrx_word' id='word_1_15' title='bbox 480 620 549 667; x_wconf 82' lang='lat' dir='ltr'>uon</span> <span class='ocrx_word' id='word_1_16' title='bbox 575 605 621 663; x_wconf 85' lang='lat' dir='ltr'>ita</span> <span class='ocrx_word' id='word_1_17' title='bbox 647 619 768 685; x_wconf 84' lang='lat' dir='ltr'>magna</span> <span class='ocrx_word' id='word_1_18' title='bbox 792 599 969 672; x_wconf 84' lang='lat' dir='ltr'>mercede,</span> <span class='ocrx_word' id='word_1_19' title='bbox 1001 619 1102 681; x_wconf 85' lang='lat' dir='ltr'>quam</span> 
     </span>
     <span class='ocr_line' id='line_1_4' title="bbox 69 698 1099 789; baseline -0.002 -23"><span class='ocrx_word' id='word_1_20' title='bbox 69 724 135 789; x_wconf 87' lang='lat' dir='ltr'>ego</span> <span class='ocrx_word' id='word_1_21' title='bbox 156 707 304 765; x_wconf 87' lang='lat' dir='ltr'>maximo</span> <span class='ocrx_word' id='word_1_22' title='bbox 329 698 447 763; x_wconf 90' lang='lat' dir='ltr'>dolore</span> <span class='ocrx_word' id='word_1_23' title='bbox 469 716 666 786; x_wconf 79' lang='lat' dir='ltr'>cognotam.</span> <span class='ocrx_word' id='word_1_24' title='bbox 709 698 763 765; x_wconf 91' lang='lat' dir='ltr'>De</span> <span class='ocrx_word' id='word_1_25' title='bbox 785 721 848 782; x_wconf 86' lang='lat' dir='ltr'>qua</span> <span class='ocrx_word' id='word_1_26' title='bbox 870 705 1000 763; x_wconf 80' lang='lat' dir='ltr'>ratione</span> <span class='ocrx_word' id='word_1_27' title='bbox 1025 712 1099 764; x_wconf 88' lang='lat' dir='ltr'>tota</span> 
     </span>
     <span class='ocr_line' id='line_1_5' title="bbox 67 798 1099 888; baseline 0.001 -23"><span class='ocrx_word' id='word_1_28' title='bbox 67 808 135 867; x_wconf 82' lang='lat' dir='ltr'>iam</span> <span class='ocrx_word' id='word_1_29' title='bbox 156 801 289 868; x_wconf 87' lang='lat' dir='ltr'>videtur</span> <span class='ocrx_word' id='word_1_30' title='bbox 308 798 393 867; x_wconf 87' lang='lat' dir='ltr'>mibi</span> <span class='ocrx_word' id='word_1_31' title='bbox 414 800 607 888; x_wconf 87' lang='lat' dir='ltr'>exponendi</span> <span class='ocrx_word' id='word_1_32' title='bbox 626 812 761 887; x_wconf 88' lang='lat' dir='ltr'>tempus</span> <span class='ocrx_word' id='word_1_33' title='bbox 784 801 873 877; x_wconf 85' lang='lat' dir='ltr'>dari,</span> <span class='ocrx_word' id='word_1_34' title='bbox 903 813 941 866; x_wconf 86' lang='lat' dir='ltr'>ut</span> <span class='ocrx_word' id='word_1_35' title='bbox 962 802 1024 865; x_wconf 85' lang='lat' dir='ltr'>tibi</span> <span class='ocrx_word' id='word_1_36' title='bbox 1047 823 1099 875; x_wconf 63' lang='lat' dir='ltr'>re,-</span> 
     </span>
     <span class='ocr_line' id='line_1_6' title="bbox 69 902 625 985; baseline -0.009 -19"><span class='ocrx_word' id='word_1_37' title='bbox 69 902 210 967; x_wconf 87' lang='lat' dir='ltr'>scribam</span> <span class='ocrx_word' id='word_1_38' title='bbox 232 904 274 971; x_wconf 77' lang='lat' dir='ltr'>nd</span> <span class='ocrx_word' id='word_1_39' title='bbox 297 923 354 977; x_wconf 74' lang='lat' dir='ltr'>ea,</span> <span class='ocrx_word' id='word_1_40' title='bbox 371 921 456 985; x_wconf 84' lang='lat' dir='ltr'>quae</span> <span class='ocrx_word' id='word_1_41' title='bbox 479 906 625 982; x_wconf 86' lang='lat' dir='ltr'>quaeris.</span> 
     </span>
     <span class='ocr_line' id='line_1_7' title="bbox 179 999 1128 1088; baseline 0 -19"><span class='ocrx_word' id='word_1_42' title='bbox 179 1005 372 1069; x_wconf 83' lang='lat' dir='ltr'>Certiorem</span> <span class='ocrx_word' id='word_1_43' title='bbox 390 1016 426 1068; x_wconf 89' lang='lat' dir='ltr'>te</span> <span class='ocrx_word' id='word_1_44' title='bbox 444 1023 507 1088; x_wconf 87' lang='lat' dir='ltr'>per</span> <span class='ocrx_word' id='word_1_45' title='bbox 522 1000 639 1066; x_wconf 82' lang='lat' dir='ltr'>literas</span> <span class='ocrx_word' id='word_1_46' title='bbox 661 999 777 1069; x_wconf 88' lang='lat' dir='ltr'>scribis</span> <span class='ocrx_word' id='word_1_47' title='bbox 795 1001 859 1069; x_wconf 90' lang='lat' dir='ltr'>esse</span> <span class='ocrx_word' id='word_1_48' title='bbox 874 1004 1022 1077; x_wconf 85' lang='lat' dir='ltr'>sactum,</span> <span class='ocrx_word' id='word_1_49' title='bbox 1041 1014 1128 1069; x_wconf 83' lang='lat' dir='ltr'>me2</span> 
     </span>
    </p>

    <p class='ocr_par' dir='ltr' id='par_1_3' title="bbox 69 1101 1099 1387">
     <span class='ocr_line' id='line_1_8' title="bbox 70 1101 1099 1190; baseline 0.002 -23"><span class='ocrx_word' id='word_1_50' title='bbox 70 1125 148 1171; x_wconf 89' lang='lat' dir='ltr'>cum</span> <span class='ocrx_word' id='word_1_51' title='bbox 167 1102 327 1178; x_wconf 76' lang='lat' dir='ltr'>Caesare,</span> <span class='ocrx_word' id='word_1_52' title='bbox 360 1115 394 1169; x_wconf 91' lang='lat' dir='ltr'>et</span> <span class='ocrx_word' id='word_1_53' title='bbox 416 1102 625 1190; x_wconf 77' lang='lat' dir='ltr'>cuntAppio</span> <span class='ocrx_word' id='word_1_54' title='bbox 648 1101 712 1167; x_wconf 90' lang='lat' dir='ltr'>else</span> <span class='ocrx_word' id='word_1_55' title='bbox 733 1108 908 1190; x_wconf 82' lang='lat' dir='ltr'>ingratia:</span> <span class='ocrx_word' id='word_1_56' title='bbox 940 1116 1039 1186; x_wconf 88' lang='lat' dir='ltr'>teque</span> <span class='ocrx_word' id='word_1_57' title='bbox 1062 1103 1099 1180; x_wconf 84' lang='lat' dir='ltr'>id</span> 
     </span>
     <span class='ocr_line' id='line_1_9' title="bbox 69 1200 1099 1290; baseline 0.007 -24"><span class='ocrx_word' id='word_1_58' title='bbox 69 1227 141 1269; x_wconf 88' lang='lat' dir='ltr'>non</span> <span class='ocrx_word' id='word_1_59' title='bbox 161 1203 412 1290; x_wconf 88' lang='lat' dir='ltr'>reprehendere</span> <span class='ocrx_word' id='word_1_60' title='bbox 433 1200 581 1269; x_wconf 80' lang='lat' dir='ltr'>ascribis.</span> <span class='ocrx_word' id='word_1_61' title='bbox 624 1203 797 1269; x_wconf 85' lang='lat' dir='ltr'>Vatinium</span> <span class='ocrx_word' id='word_1_62' title='bbox 824 1218 935 1270; x_wconf 87' lang='lat' dir='ltr'>autem</span> <span class='ocrx_word' id='word_1_63' title='bbox 957 1204 1041 1271; x_wconf 89' lang='lat' dir='ltr'>scire</span> <span class='ocrx_word' id='word_1_64' title='bbox 1064 1219 1099 1273; x_wconf 88' lang='lat' dir='ltr'>te</span> 
     </span>
     <span class='ocr_line' id='line_1_10' title="bbox 71 1303 1099 1387; baseline 0.002 -18"><span class='ocrx_word' id='word_1_65' title='bbox 71 1303 157 1369; x_wconf 69' lang='lat' dir='ltr'>¹telle</span> <span class='ocrx_word' id='word_1_66' title='bbox 174 1303 341 1378; x_wconf 87' lang='lat' dir='ltr'>ostendis,</span> <span class='ocrx_word' id='word_1_67' title='bbox 366 1305 492 1387; x_wconf 81' lang='lat' dir='ltr'>qtribus</span> <span class='ocrx_word' id='word_1_68' title='bbox 514 1306 618 1371; x_wconf 83' lang='lat' dir='ltr'>rebus</span> <span class='ocrx_word' id='word_1_69' title='bbox 642 1303 808 1371; x_wconf 83' lang='lat' dir='ltr'>adductus</span> <span class='ocrx_word' id='word_1_70' title='bbox 829 1305 1040 1375; x_wconf 76' lang='lat' dir='ltr'>defenderim</span> <span class='ocrx_word' id='word_1_71' title='bbox 1063 1318 1099 1371; x_wconf 83' lang='lat' dir='ltr'>et</span> 
     </span>
    </p>
   </div>
   <div class='ocr_carea' id='block_1_3' title="bbox 70 1613 1104 1954">
    <p class='ocr_par' dir='ltr' id='par_1_4' title="bbox 70 1613 1104 1954">
     <span class='ocr_line' id='line_1_11' title="bbox 71 1613 1104 1702; baseline 0.001 -21"><span class='ocrx_word' id='word_1_72' title='bbox 71 1617 224 1684; x_wconf 74' lang='lat' dir='ltr'>candum..</span> <span class='ocrx_word' id='word_1_73' title='bbox 256 1613 375 1679; x_wconf 79' lang='lat' dir='ltr'>vastem</span> <span class='ocrx_word' id='word_1_74' title='bbox 419 1621 559 1679; x_wconf 82' lang='lat' dir='ltr'>mutavit.</span> <span class='ocrx_word' id='word_1_75' title='bbox 616 1618 756 1702; x_wconf 78' lang='lat' dir='ltr'>dierum,</span> <span class='ocrx_word' id='word_1_76' title='bbox 794 1619 884 1699; x_wconf 87' lang='lat' dir='ltr'>quod</span> <span class='ocrx_word' id='word_1_77' title='bbox 908 1633 982 1680; x_wconf 86' lang='lat' dir='ltr'>ante</span> <span class='ocrx_word' id='word_1_78' title='bbox 1004 1621 1104 1683; x_wconf 73' lang='lat' dir='ltr'>couti</span> 
     </span>
     <span class='ocr_line' id='line_1_12' title="bbox 70 1701 1103 1787; baseline 0 -22"><span class='ocrx_word' id='word_1_79' title='bbox 70 1706 152 1782; x_wconf 80' lang='lat' dir='ltr'>Epit.</span> <span class='ocrx_word' id='word_1_80' title='bbox 175 1703 239 1764; x_wconf 87' lang='lat' dir='ltr'>Liv.</span> <span class='ocrx_word' id='word_1_81' title='bbox 271 1701 326 1775; x_wconf 68' lang='lat' dir='ltr'>tto.</span> <span class='ocrx_word' id='word_1_82' title='bbox 355 1715 421 1774; x_wconf 87' lang='lat'><strong>¹05·</strong></span> <span class='ocrx_word' id='word_1_83' title='bbox 482 1701 558 1782; x_wconf 87' lang='lat' dir='ltr'>Quo</span> <span class='ocrx_word' id='word_1_84' title='bbox 616 1719 704 1787; x_wconf 81' lang='lat' dir='ltr'>gerat</span> <span class='ocrx_word' id='word_1_85' title='bbox 716 1707 848 1777; x_wconf 73' lang='lat' dir='ltr'>nemini3</span> <span class='ocrx_word' id='word_1_86' title='bbox 871 1702 1054 1784; x_wconf 87' lang='lat' dir='ltr'>slipendium</span> <span class='ocrx_word' id='word_1_87' title='bbox 1070 1719 1103 1765; x_wconf 83' lang='lat' dir='ltr'>et</span> 
     </span>
     <span class='ocr_line' id='line_1_13' title="bbox 71 1783 1103 1871; baseline -0.001 -23"><span class='ocrx_word' id='word_1_88' title='bbox 71 1792 169 1871; x_wconf 79' lang='lat' dir='ltr'>magia</span> <span class='ocrx_word' id='word_1_89' title='bbox 183 1784 261 1846; x_wconf 86' lang='lat' dir='ltr'>haec</span> <span class='ocrx_word' id='word_1_90' title='bbox 283 1784 416 1867; x_wconf 82' lang='lat' dir='ltr'>suspicor</span> <span class='ocrx_word' id='word_1_91' title='bbox 430 1783 470 1845; x_wconf 89' lang='lat' dir='ltr'>ad</span> <span class='ocrx_word' id='word_1_92' title='bbox 487 1807 559 1847; x_wconf 88' lang='lat' dir='ltr'>eum</span> <span class='ocrx_word' id='word_1_93' title='bbox 616 1789 725 1849; x_wconf 87' lang='lat' dir='ltr'>decem</span> <span class='ocrx_word' id='word_1_94' title='bbox 759 1787 788 1847; x_wconf 91' lang='lat' dir='ltr'>le</span> <span class='ocrx_word' id='word_1_95' title='bbox 812 1803 896 1859; x_wconf 85' lang='lat' dir='ltr'>atos;</span> <span class='ocrx_word' id='word_1_96' title='bbox 939 1807 1103 1869; x_wconf 66' lang='lat' dir='ltr'>praeterea</span> 
     </span>
     <span class='ocr_line' id='line_1_14' title="bbox 72 1811 1102 1954; baseline 0.002 -23"><span class='ocrx_word' id='word_1_97' title='bbox 72 1877 212 1933; x_wconf 76' lang='lat' dir='ltr'>attinere.</span> <span class='ocrx_word' id='word_1_98' title='bbox 236 1874 317 1930; x_wconf 88' lang='lat' dir='ltr'>Nam</span> <span class='ocrx_word' id='word_1_99' title='bbox 335 1872 375 1931; x_wconf 91' lang='lat' dir='ltr'>de</span> <span class='ocrx_word' id='word_1_100' title='bbox 391 1871 424 1951; x_wconf 85' lang='lat' dir='ltr'>P.¹</span> <span class='ocrx_word' id='word_1_101' title='bbox 443 1868 558 1930; x_wconf 87' lang='lat' dir='ltr'>Clodio</span> <span class='ocrx_word' id='word_1_102' title='bbox 618 1872 769 1954; x_wconf 81' lang='lat' dir='ltr'>quamde</span> <span class='ocrx_word' id='word_1_103' title='bbox 790 1811 972 1933; x_wconf 70' lang='lat' dir='ltr'>successione</span> <span class='ocrx_word' id='word_1_104' title='bbox 985 1874 1102 1933; x_wconf 84' lang='lat' dir='ltr'>Gallia·</span> 
     </span>
    </p>
   </div>
   <div class='ocr_carea' id='block_1_4' title="bbox 72 1946 1100 2040">
    <p class='ocr_par' dir='ltr' id='par_1_5' title="bbox 72 1946 1100 2040">
     <span class='ocr_line' id='line_1_15' title="bbox 72 1946 1100 2040; baseline 0.001 -25"><span class='ocrx_word' id='word_1_105' title='bbox 72 1956 216 2038; x_wconf 84' lang='lat' dir='ltr'>quidem,</span> <span class='ocrx_word' id='word_1_106' title='bbox 246 1946 404 2016; x_wconf 68' lang='lat' dir='ltr'>Ciceronis</span> <span class='ocrx_word' id='word_1_107' title='bbox 428 1969 458 2012; x_wconf 92' lang='lat' dir='ltr'>et</span> <span class='ocrx_word' id='word_1_108' title='bbox 479 1954 559 2014; x_wconf 86' lang='lat' dir='ltr'>Len·</span> <span class='ocrx_word' id='word_1_109' title='bbox 614 1978 683 2016; x_wconf 87' lang='lat' dir='ltr'>rum</span> <span class='ocrx_word' id='word_1_110' title='bbox 711 1972 871 2040; x_wconf 78' lang='lat' dir='ltr'>ageretur,</span> <span class='ocrx_word' id='word_1_111' title='bbox 913 1957 1100 2017; x_wconf 82' lang='lat' dir='ltr'>luculentam</span> 
     </span>
    </p>
   </div>
   <div class='ocr_carea' id='block_1_5' title="bbox 69 2039 1106 4167">
    <p class='ocr_par' dir='ltr' id='par_1_6' title="bbox 69 2039 1106 4167">
     <span class='ocr_line' id='line_1_16' title="bbox 71 2039 1103 2119; baseline -0.001 -17"><span class='ocrx_word' id='word_1_112' title='bbox 71 2041 128 2102; x_wconf 90' lang='lat' dir='ltr'>tuli</span> <span class='ocrx_word' id='word_1_113' title='bbox 149 2043 276 2100; x_wconf 85' lang='lat' dir='ltr'>inimico</span> <span class='ocrx_word' id='word_1_114' title='bbox 294 2044 340 2100; x_wconf 77' lang='lat' dir='ltr'>vix</span> <span class='ocrx_word' id='word_1_115' title='bbox 360 2039 557 2100; x_wconf 84' lang='lat' dir='ltr'>crediderim.</span> <span class='ocrx_word' id='word_1_116' title='bbox 615 2039 766 2100; x_wconf 77' lang='lat' dir='ltr'>habuerat</span> <span class='ocrx_word' id='word_1_117' title='bbox 808 2040 849 2101; x_wconf 88' lang='lat' dir='ltr'>de</span> <span class='ocrx_word' id='word_1_118' title='bbox 892 2042 1103 2119; x_wconf 68' lang='lat' dir='ltr'>conservande</span> 
     </span>
     <span class='ocr_line' id='line_1_17' title="bbox 69 2123 1104 2207; baseline -0.001 -19"><span class='ocrx_word' id='word_1_119' title='bbox 69 2130 145 2188; x_wconf 92' lang='lat' dir='ltr'>Non</span> <span class='ocrx_word' id='word_1_120' title='bbox 159 2130 239 2186; x_wconf 90' lang='lat' dir='ltr'>enirn</span> <span class='ocrx_word' id='word_1_121' title='bbox 260 2123 372 2186; x_wconf 91' lang='lat' dir='ltr'>hocin</span> <span class='ocrx_word' id='word_1_122' title='bbox 394 2145 465 2185; x_wconf 89' lang='lat' dir='ltr'>eum</span> <span class='ocrx_word' id='word_1_123' title='bbox 484 2145 559 2185; x_wconf 87' lang='lat' dir='ltr'>cott-</span> <span class='ocrx_word' id='word_1_124' title='bbox 616 2124 738 2186; x_wconf 81' lang='lat' dir='ltr'>Caesari</span> <span class='ocrx_word' id='word_1_125' title='bbox 761 2142 893 2207; x_wconf 87' lang='lat' dir='ltr'>utraque</span> <span class='ocrx_word' id='word_1_126' title='bbox 910 2126 1010 2186; x_wconf 88' lang='lat' dir='ltr'>Gallia</span> <span class='ocrx_word' id='word_1_127' title='bbox 1031 2147 1104 2187; x_wconf 52' lang='lat' dir='ltr'>orat</span> 
     </span>
     <span class='ocr_line' id='line_1_18' title="bbox 70 2208 1100 2292; baseline 0 -20"><span class='ocrx_word' id='word_1_128' title='bbox 70 2217 171 2282; x_wconf 86' lang='lat' dir='ltr'>venit,</span> <span class='ocrx_word' id='word_1_129' title='bbox 202 2213 314 2268; x_wconf 83' lang='lat' dir='ltr'>nullam</span> <span class='ocrx_word' id='word_1_130' title='bbox 332 2211 391 2285; x_wconf 81' lang='lat' dir='ltr'>sibi</span> <span class='ocrx_word' id='word_1_131' title='bbox 414 2213 559 2268; x_wconf 72' lang='lat' dir='ltr'>libertatis</span> <span class='ocrx_word' id='word_1_132' title='bbox 615 2215 751 2282; x_wconf 84' lang='lat' dir='ltr'>tionem,</span> <span class='ocrx_word' id='word_1_133' title='bbox 787 2231 868 2292; x_wconf 86' lang='lat' dir='ltr'>quaa</span> <span class='ocrx_word' id='word_1_134' title='bbox 888 2231 968 2272; x_wconf 89' lang='lat' dir='ltr'>nunc</span> <span class='ocrx_word' id='word_1_135' title='bbox 987 2208 1100 2286; x_wconf 79' lang='lat' dir='ltr'>exllat,</span> 
     </span>
     <span class='ocr_line' id='line_1_19' title="bbox 69 2295 1102 2377; baseline -0.001 -22"><span class='ocrx_word' id='word_1_136' title='bbox 69 2308 187 2373; x_wconf 79' lang='lat' dir='ltr'>partem</span> <span class='ocrx_word' id='word_1_137' title='bbox 214 2297 348 2377; x_wconf 83' lang='lat' dir='ltr'>reliquit.</span> <span class='ocrx_word' id='word_1_138' title='bbox 410 2295 446 2354; x_wconf 93' lang='lat' dir='ltr'>Id</span> <span class='ocrx_word' id='word_1_139' title='bbox 477 2300 559 2356; x_wconf 89' lang='lat' dir='ltr'>enim</span> <span class='ocrx_word' id='word_1_140' title='bbox 613 2298 786 2376; x_wconf 86' lang='lat' dir='ltr'>inscriptam</span> <span class='ocrx_word' id='word_1_141' title='bbox 807 2299 844 2355; x_wconf 87' lang='lat' dir='ltr'>de</span> <span class='ocrx_word' id='word_1_142' title='bbox 859 2298 1102 2370; x_wconf 79' lang='lat' dir='ltr'>provinciiscon·</span> 
     </span>
     <span class='ocr_line' id='line_1_20' title="bbox 71 2376 1094 2463; baseline 0.001 -23"><span class='ocrx_word' id='word_1_143' title='bbox 71 2381 164 2463; x_wconf 87' lang='lat' dir='ltr'>quale</span> <span class='ocrx_word' id='word_1_144' title='bbox 187 2377 278 2463; x_wconf 78' lang='lat' dir='ltr'>esset,</span> <span class='ocrx_word' id='word_1_145' title='bbox 310 2379 359 2442; x_wconf 85' lang='lat' dir='ltr'>vel</span> <span class='ocrx_word' id='word_1_146' title='bbox 377 2376 469 2460; x_wconf 83' lang='lat' dir='ltr'>ipsius</span> <span class='ocrx_word' id='word_1_147' title='bbox 493 2378 559 2453; x_wconf 73' lang='lat' dir='ltr'>scri·</span> <span class='ocrx_word' id='word_1_148' title='bbox 607 2384 762 2458; x_wconf 79' lang='lat' dir='ltr'>sularibus.</span> <span class='ocrx_word' id='word_1_149' title='bbox 786 2414 823 2429; x_wconf 68' lang='grc'>.-</span> <span class='ocrx_word' id='word_1_150' title='bbox 856 2378 973 2441; x_wconf 77' lang='lat' dir='ltr'>Manat.</span> <span class='ocrx_word' id='word_1_151' title='bbox 1078 2396 1094 2429; x_wconf 71' lang='grc' dir='ltr'>ἰ</span> 
     </span>
     <span class='ocr_line' id='line_1_21' title="bbox 71 2464 1101 2549; baseline -0.002 -24"><span class='ocrx_word' id='word_1_152' title='bbox 71 2484 125 2547; x_wconf 86' lang='lat' dir='ltr'>pta</span> <span class='ocrx_word' id='word_1_153' title='bbox 155 2466 312 2526; x_wconf 80' lang='lat' dir='ltr'>Ciceronis</span> <span class='ocrx_word' id='word_1_154' title='bbox 340 2465 382 2525; x_wconf 86' lang='lat' dir='ltr'>ad</span> <span class='ocrx_word' id='word_1_155' title='bbox 410 2464 559 2535; x_wconf 59' lang='lat' dir='ltr'>obiiciene</span> <span class='ocrx_word' id='word_1_156' title='bbox 656 2466 801 2549; x_wconf 77' lang='lat' dir='ltr'>ascribis]</span> <span class='ocrx_word' id='word_1_157' title='bbox 856 2467 902 2529; x_wconf 89' lang='lat' dir='ltr'>Ita</span> <span class='ocrx_word' id='word_1_158' title='bbox 945 2469 1101 2539; x_wconf 62' lang='lat' dir='ltr'>Victorini</span> 
     </span>
     <span class='ocr_line' id='line_1_22' title="bbox 72 2549 1101 2633; baseline -0.004 -22"><span class='ocrx_word' id='word_1_159' title='bbox 72 2553 147 2612; x_wconf 89' lang='lat' dir='ltr'>dum</span> <span class='ocrx_word' id='word_1_160' title='bbox 166 2553 285 2629; x_wconf 85' lang='lat' dir='ltr'>parati,</span> <span class='ocrx_word' id='word_1_161' title='bbox 307 2549 356 2611; x_wconf 83' lang='lat' dir='ltr'>vel</span> <span class='ocrx_word' id='word_1_162' title='bbox 376 2570 559 2610; x_wconf 86' lang='lat' dir='ltr'>monumen·</span> <span class='ocrx_word' id='word_1_163' title='bbox 615 2550 740 2633; x_wconf 85' lang='lat' dir='ltr'>aliique.</span> <span class='ocrx_word' id='word_1_164' title='bbox 781 2553 844 2612; x_wconf 77' lang='lat' dir='ltr'>Sed</span> <span class='ocrx_word' id='word_1_165' title='bbox 853 2552 1022 2613; x_wconf 76' lang='lat' dir='ltr'>Benedicta</span> <span class='ocrx_word' id='word_1_166' title='bbox 1037 2551 1101 2630; x_wconf 85' lang='lat' dir='ltr'>pla.-</span> 
     </span>
     <span class='ocr_line' id='line_1_23' title="bbox 73 2631 1102 2717; baseline -0.002 -21"><span class='ocrx_word' id='word_1_167' title='bbox 73 2653 105 2697; x_wconf 89' lang='lat' dir='ltr'>ta</span> <span class='ocrx_word' id='word_1_168' title='bbox 151 2634 323 2709; x_wconf 58' lang='lat' dir='ltr'>animum,</span> <span class='ocrx_word' id='word_1_169' title='bbox 351 2631 558 2701; x_wconf 75' lang='lat' dir='ltr'>ostenderent.</span> <span class='ocrx_word' id='word_1_170' title='bbox 615 2652 664 2698; x_wconf 88' lang='lat' dir='ltr'>cet</span> <span class='ocrx_word' id='word_1_171' title='bbox 690 2642 856 2717; x_wconf 82' lang='lat' dir='ltr'>repetitum</span> <span class='ocrx_word' id='word_1_172' title='bbox 879 2639 982 2713; x_wconf 83' lang='lat' dir='ltr'>scribis</span> <span class='ocrx_word' id='word_1_173' title='bbox 1010 2634 1102 2715; x_wconf 75' lang='lat' dir='ltr'>quod</span> 
     </span>
     <span class='ocr_line' id='line_1_24' title="bbox 71 2717 1102 2794; baseline -0.002 -11"><span class='ocrx_word' id='word_1_174' title='bbox 71 2723 174 2783; x_wconf 82' lang='lat' dir='ltr'>Porro</span> <span class='ocrx_word' id='word_1_175' title='bbox 210 2734 332 2781; x_wconf 85' lang='lat' dir='ltr'>tantum</span> <span class='ocrx_word' id='word_1_176' title='bbox 368 2717 480 2794; x_wconf 85' lang='lat' dir='ltr'>abest,</span> <span class='ocrx_word' id='word_1_177' title='bbox 524 2734 559 2779; x_wconf 89' lang='lat' dir='ltr'>ut</span> <span class='ocrx_word' id='word_1_178' title='bbox 614 2719 731 2782; x_wconf 87' lang='lat' dir='ltr'>habent</span> <span class='ocrx_word' id='word_1_179' title='bbox 768 2722 862 2785; x_wconf 86' lang='lat' dir='ltr'>codd.</span> <span class='ocrx_word' id='word_1_180' title='bbox 884 2722 941 2783; x_wconf 87' lang='lat' dir='ltr'>IV.</span> <span class='ocrx_word' id='word_1_181' title='bbox 989 2721 1102 2793; x_wconf 73' lang='lat' dir='ltr'>Dresd,</span> 
     </span>
     <span class='ocr_line' id='line_1_25' title="bbox 71 2804 958 2887; baseline 0.001 -20"><span class='ocrx_word' id='word_1_182' title='bbox 71 2804 352 2887; x_wconf 38' lang='lat' dir='ltr'>omnea‚‚libe,rtatis</span> <span class='ocrx_word' id='word_1_183' title='bbox 366 2821 469 2884; x_wconf 78' lang='lat' dir='ltr'>partes</span> <span class='ocrx_word' id='word_1_184' title='bbox 486 2804 560 2869; x_wconf 76' lang='lat' dir='ltr'>cto,</span> <span class='ocrx_word' id='word_1_185' title='bbox 611 2804 696 2887; x_wconf 74' lang='lat' dir='ltr'>Lips.</span> <span class='ocrx_word' id='word_1_186' title='bbox 717 2804 782 2868; x_wconf 78' lang='lat' dir='ltr'>Asc.</span> <span class='ocrx_word' id='word_1_187' title='bbox 801 2830 826 2868; x_wconf 87' lang='lat' dir='ltr'>t.</span> <span class='ocrx_word' id='word_1_188' title='bbox 939 2866 958 2873; x_wconf 81' lang='grc'>,,</span> 
     </span>
     <span class='ocr_line' id='line_1_26' title="bbox 71 2887 1102 2973; baseline 0.001 -22"><span class='ocrx_word' id='word_1_189' title='bbox 71 2893 139 2952; x_wconf 81' lang='lat' dir='ltr'>dius</span> <span class='ocrx_word' id='word_1_190' title='bbox 160 2889 308 2964; x_wconf 89' lang='lat' dir='ltr'>amiserit,</span> <span class='ocrx_word' id='word_1_191' title='bbox 329 2905 365 2949; x_wconf 88' lang='lat' dir='ltr'>ut</span> <span class='ocrx_word' id='word_1_192' title='bbox 381 2894 474 2951; x_wconf 88' lang='lat' dir='ltr'>etiam</span> <span class='ocrx_word' id='word_1_193' title='bbox 496 2893 560 2969; x_wconf 82' lang='lat' dir='ltr'>pri·</span> <span class='ocrx_word' id='word_1_194' title='bbox 612 2936 615 2943; x_wconf 92' lang='lat'>.</span> <span class='ocrx_word' id='word_1_195' title='bbox 662 2887 833 2973; x_wconf 83' lang='lat' dir='ltr'>Vatinium]</span> <span class='ocrx_word' id='word_1_196' title='bbox 855 2893 1102 2973; x_wconf 77' lang='lat' dir='ltr'>quem-maxime</span> 
     </span>
     <span class='ocr_line' id='line_1_27' title="bbox 70 2975 1102 3057; baseline -0.001 -20"><span class='ocrx_word' id='word_1_197' title='bbox 70 2975 178 3051; x_wconf 82' lang='lat' dir='ltr'>stiuam</span> <span class='ocrx_word' id='word_1_198' title='bbox 195 2976 375 3057; x_wconf 84' lang='lat' dir='ltr'>dignitatem</span> <span class='ocrx_word' id='word_1_199' title='bbox 386 2979 557 3047; x_wconf 84' lang='lat' dir='ltr'>retinuerit,</span> <span class='ocrx_word' id='word_1_200' title='bbox 611 2977 744 3047; x_wconf 83' lang='lat' dir='ltr'>oderat,</span> <span class='ocrx_word' id='word_1_201' title='bbox 764 2992 795 3039; x_wconf 83' lang='lat' dir='ltr'>et</span> <span class='ocrx_word' id='word_1_202' title='bbox 809 2981 854 3035; x_wconf 89' lang='lat' dir='ltr'>rei</span> <span class='ocrx_word' id='word_1_203' title='bbox 869 2975 1012 3055; x_wconf 81' lang='lat' dir='ltr'>publicae</span> <span class='ocrx_word' id='word_1_204' title='bbox 1032 2998 1102 3053; x_wconf 58' lang='lat' dir='ltr'>catu</span> 
     </span>
     <span class='ocr_line' id='line_1_28' title="bbox 72 3057 1102 3145; baseline 0 -25"><span class='ocrx_word' id='word_1_205' title='bbox 72 3064 270 3142; x_wconf 79' lang='lat' dir='ltr'>quippequi</span> <span class='ocrx_word' id='word_1_206' title='bbox 289 3059 481 3145; x_wconf 87' lang='lat' dir='ltr'>depetenda</span> <span class='ocrx_word' id='word_1_207' title='bbox 503 3059 557 3123; x_wconf 87' lang='lat' dir='ltr'>suo</span> <span class='ocrx_word' id='word_1_208' title='bbox 614 3059 664 3134; x_wconf 86' lang='lat' dir='ltr'>se,</span> <span class='ocrx_word' id='word_1_209' title='bbox 699 3076 729 3120; x_wconf 92' lang='lat' dir='ltr'>et</span> <span class='ocrx_word' id='word_1_210' title='bbox 748 3057 819 3136; x_wconf 81' lang='lat' dir='ltr'>sua;</span> <span class='ocrx_word' id='word_1_211' title='bbox 856 3061 944 3141; x_wconf 88' lang='lat' dir='ltr'>quod</span> <span class='ocrx_word' id='word_1_212' title='bbox 966 3068 1102 3140; x_wconf 69' lang='lat' dir='ltr'>primurn</span> 
     </span>
     <span class='ocr_line' id='line_1_29' title="bbox 72 3143 1103 3225; baseline -0.001 -18"><span class='ocrx_word' id='word_1_213' title='bbox 72 3166 156 3207; x_wconf 88' lang='lat' dir='ltr'>anno</span> <span class='ocrx_word' id='word_1_214' title='bbox 179 3159 353 3224; x_wconf 79' lang='lat' dir='ltr'>praetura,</span> <span class='ocrx_word' id='word_1_215' title='bbox 376 3149 394 3206; x_wconf 90' lang='lat' dir='ltr'>i.</span> <span class='ocrx_word' id='word_1_216' title='bbox 420 3166 447 3207; x_wconf 88' lang='lat' dir='ltr'>e.</span> <span class='ocrx_word' id='word_1_217' title='bbox 474 3144 559 3205; x_wconf 84' lang='lat' dir='ltr'>biert·</span> <span class='ocrx_word' id='word_1_218' title='bbox 613 3145 755 3221; x_wconf 78' lang='lat' dir='ltr'>tribuum</span> <span class='ocrx_word' id='word_1_219' title='bbox 777 3143 874 3225; x_wconf 83' lang='lat' dir='ltr'>plebia</span> <span class='ocrx_word' id='word_1_220' title='bbox 890 3161 998 3211; x_wconf 84' lang='lat' dir='ltr'>contra</span> <span class='ocrx_word' id='word_1_221' title='bbox 1018 3144 1103 3213; x_wconf 68' lang='lat' dir='ltr'>seua·</span> 
     </span>
     <span class='ocr_line' id='line_1_30' title="bbox 72 3228 1102 3309; baseline -0.001 -17"><span class='ocrx_word' id='word_1_222' title='bbox 72 3234 126 3297; x_wconf 85' lang='lat' dir='ltr'>nio</span> <span class='ocrx_word' id='word_1_223' title='bbox 149 3228 227 3309; x_wconf 80' lang='lat' dir='ltr'>post,</span> <span class='ocrx_word' id='word_1_224' title='bbox 243 3228 432 3299; x_wconf 79' lang='lat' dir='ltr'>aedilitatem</span> <span class='ocrx_word' id='word_1_225' title='bbox 454 3229 493 3290; x_wconf 89' lang='lat' dir='ltr'>ab</span> <span class='ocrx_word' id='word_1_226' title='bbox 518 3249 559 3289; x_wconf 88' lang='lat' dir='ltr'>eo</span> <span class='ocrx_word' id='word_1_227' title='bbox 616 3247 665 3292; x_wconf 78' lang='lat' dir='ltr'>tna</span> <span class='ocrx_word' id='word_1_228' title='bbox 686 3230 877 3299; x_wconf 82' lang='lat' dir='ltr'>voluntatem</span> <span class='ocrx_word' id='word_1_229' title='bbox 899 3229 994 3289; x_wconf 88' lang='lat' dir='ltr'>multa</span> <span class='ocrx_word' id='word_1_230' title='bbox 1017 3251 1102 3291; x_wconf 87' lang='lat' dir='ltr'>eom·</span> 
     </span>
     <span class='ocr_line' id='line_1_31' title="bbox 72 3313 1104 3397; baseline 0.001 -23"><span class='ocrx_word' id='word_1_231' title='bbox 72 3313 189 3397; x_wconf 80' lang='lat' dir='ltr'>gellam</span> <span class='ocrx_word' id='word_1_232' title='bbox 217 3318 425 3395; x_wconf 75' lang='lat' dir='ltr'>cogitaverat,</span> <span class='ocrx_word' id='word_1_233' title='bbox 478 3334 561 3394; x_wconf 87' lang='lat' dir='ltr'>quae</span> <span class='ocrx_word' id='word_1_234' title='bbox 617 3314 754 3392; x_wconf 83' lang='lat' dir='ltr'>miserat3</span> <span class='ocrx_word' id='word_1_235' title='bbox 772 3313 1104 3387; x_wconf 84' lang='lat' dir='ltr'>deindetestimonium</span> 
     </span>
     <span class='ocr_line' id='line_1_32' title="bbox 74 3399 1104 3478; baseline 0 -17"><span class='ocrx_word' id='word_1_236' title='bbox 74 3404 185 3461; x_wconf 88' lang='lat' dir='ltr'>Cicero</span> <span class='ocrx_word' id='word_1_237' title='bbox 209 3414 288 3459; x_wconf 91' lang='lat' dir='ltr'>orat.</span> <span class='ocrx_word' id='word_1_238' title='bbox 309 3418 368 3478; x_wconf 88' lang='lat' dir='ltr'>pro</span> <span class='ocrx_word' id='word_1_239' title='bbox 383 3399 453 3465; x_wconf 83' lang='lat' dir='ltr'>Mil.</span> <span class='ocrx_word' id='word_1_240' title='bbox 469 3421 495 3460; x_wconf 90' lang='lat' dir='ltr'>c.</span> <span class='ocrx_word' id='word_1_241' title='bbox 513 3421 561 3465; x_wconf 83' lang='lat' dir='ltr'>az.</span> <span class='ocrx_word' id='word_1_242' title='bbox 613 3401 737 3471; x_wconf 64' lang='lat' dir='ltr'>,dixerat</span> <span class='ocrx_word' id='word_1_243' title='bbox 759 3403 791 3459; x_wconf 88' lang='lat' dir='ltr'>in</span> <span class='ocrx_word' id='word_1_244' title='bbox 814 3401 846 3459; x_wconf 91' lang='lat' dir='ltr'>P.</span> <span class='ocrx_word' id='word_1_245' title='bbox 869 3401 1023 3469; x_wconf 72' lang='lat' dir='ltr'>Sextium,</span> <span class='ocrx_word' id='word_1_246' title='bbox 1049 3419 1104 3473; x_wconf 70' lang='lat' dir='ltr'>ctu·</span> 
     </span>
     <span class='ocr_line' id='line_1_33' title="bbox 73 3480 1104 3564; baseline 0 -19"><span class='ocrx_word' id='word_1_247' title='bbox 73 3483 216 3557; x_wconf 80' lang='lat' dir='ltr'>testatum</span> <span class='ocrx_word' id='word_1_248' title='bbox 236 3484 371 3564; x_wconf 87' lang='lat' dir='ltr'>reliquit.</span> <span class='ocrx_word' id='word_1_249' title='bbox 402 3480 538 3557; x_wconf 58' lang='lat' dir='ltr'>,Manat</span> <span class='ocrx_word' id='word_1_250' title='bbox 617 3491 665 3545; x_wconf 87' lang='lat' dir='ltr'>ina</span> <span class='ocrx_word' id='word_1_251' title='bbox 687 3488 720 3545; x_wconf 84' lang='lat' dir='ltr'>iu</span> <span class='ocrx_word' id='word_1_252' title='bbox 742 3488 848 3561; x_wconf 77' lang='lat' dir='ltr'>primia</span> <span class='ocrx_word' id='word_1_253' title='bbox 872 3504 968 3563; x_wconf 84' lang='lat' dir='ltr'>opera</span> <span class='ocrx_word' id='word_1_254' title='bbox 990 3486 1104 3555; x_wconf 77' lang='lat' dir='ltr'>Cicero</span> 
     </span>
     <span class='ocr_line' id='line_1_34' title="bbox 119 3567 1103 3654; baseline -0.002 -26"><span class='ocrx_word' id='word_1_255' title='bbox 119 3592 146 3631; x_wconf 85' lang='lat'>2.</span> <span class='ocrx_word' id='word_1_256' title='bbox 168 3567 223 3647; x_wconf 69' lang='lat' dir='ltr'>effe</span> <span class='ocrx_word' id='word_1_257' title='bbox 247 3573 275 3626; x_wconf 85' lang='lat' dir='ltr'>in</span> <span class='ocrx_word' id='word_1_258' title='bbox 298 3569 423 3654; x_wconf 81' lang='lat' dir='ltr'>gratia]</span> <span class='ocrx_word' id='word_1_259' title='bbox 447 3571 563 3643; x_wconf 79' lang='lat' dir='ltr'>Audie-</span> <span class='ocrx_word' id='word_1_260' title='bbox 615 3574 651 3631; x_wconf 92' lang='lat' dir='ltr'>in</span> <span class='ocrx_word' id='word_1_261' title='bbox 664 3574 797 3649; x_wconf 87' lang='lat' dir='ltr'>patriam</span> <span class='ocrx_word' id='word_1_262' title='bbox 810 3569 953 3635; x_wconf 81' lang='lat' dir='ltr'>redierat.</span> <span class='ocrx_word' id='word_1_263' title='bbox 984 3567 1103 3643; x_wconf 69' lang='lat' dir='ltr'>Manat.</span> 
     </span>
     <span class='ocr_line' id='line_1_35' title="bbox 72 3652 1105 3737; baseline 0 -23"><span class='ocrx_word' id='word_1_264' title='bbox 72 3671 121 3714; x_wconf 83' lang='lat' dir='ltr'>rat</span> <span class='ocrx_word' id='word_1_265' title='bbox 142 3655 289 3715; x_wconf 81' lang='lat' dir='ltr'>Lentulus</span> <span class='ocrx_word' id='word_1_266' title='bbox 313 3655 498 3715; x_wconf 86' lang='lat' dir='ltr'>Ciceronem</span> <span class='ocrx_word' id='word_1_267' title='bbox 522 3653 562 3713; x_wconf 87' lang='lat' dir='ltr'>de</span> <span class='ocrx_word' id='word_1_268' title='bbox 659 3652 866 3737; x_wconf 58' lang='lat' dir='ltr'>defenderim]</span> <span class='ocrx_word' id='word_1_269' title='bbox 890 3653 1028 3735; x_wconf 73' lang='lat' dir='ltr'>defendit</span> <span class='ocrx_word' id='word_1_270' title='bbox 1053 3674 1105 3714; x_wconf 85' lang='lat' dir='ltr'>ro·</span> 
     </span>
     <span class='ocr_line' id='line_1_36' title="bbox 74 3738 1105 3822; baseline 0.004 -25"><span class='ocrx_word' id='word_1_271' title='bbox 74 3739 247 3801; x_wconf 87' lang='lat' dir='ltr'>commodis</span> <span class='ocrx_word' id='word_1_272' title='bbox 293 3755 325 3798; x_wconf 90' lang='lat' dir='ltr'>et</span> <span class='ocrx_word' id='word_1_273' title='bbox 374 3747 562 3801; x_wconf 70' lang='lat' dir='ltr'>ornamentis</span> <span class='ocrx_word' id='word_1_274' title='bbox 619 3757 693 3822; x_wconf 83' lang='lat' dir='ltr'>gatu</span> <span class='ocrx_word' id='word_1_275' title='bbox 726 3738 886 3815; x_wconf 80' lang='lat' dir='ltr'>Caesar1s3</span> <span class='ocrx_word' id='word_1_276' title='bbox 938 3754 971 3799; x_wconf 88' lang='lat' dir='ltr'>ut</span> <span class='ocrx_word' id='word_1_277' title='bbox 1014 3740 1105 3813; x_wconf 77' lang='lat' dir='ltr'>insta.</span> 
     </span>
     <span class='ocr_line' id='line_1_37' title="bbox 75 3822 1105 3905; baseline 0.003 -23"><span class='ocrx_word' id='word_1_278' title='bbox 75 3822 210 3883; x_wconf 75' lang='lat' dir='ltr'>Caesetii</span> <span class='ocrx_word' id='word_1_279' title='bbox 227 3827 356 3881; x_wconf 80' lang='lat' dir='ltr'>maxime</span> <span class='ocrx_word' id='word_1_280' title='bbox 371 3829 509 3891; x_wconf 83' lang='lat' dir='ltr'>omnium</span> <span class='ocrx_word' id='word_1_281' title='bbox 531 3828 563 3885; x_wconf 87' lang='lat' dir='ltr'>iu</span> <span class='ocrx_word' id='word_1_282' title='bbox 618 3824 688 3905; x_wconf 84' lang='lat' dir='ltr'>lpse</span> <span class='ocrx_word' id='word_1_283' title='bbox 708 3829 801 3885; x_wconf 73' lang='lat' dir='ltr'>etiem</span> <span class='ocrx_word' id='word_1_284' title='bbox 822 3826 961 3885; x_wconf 71' lang='lat' dir='ltr'>Vatinius</span> <span class='ocrx_word' id='word_1_285' title='bbox 991 3823 1043 3884; x_wconf 89' lang='lat' dir='ltr'>lib.</span> <span class='ocrx_word' id='word_1_286' title='bbox 1069 3825 1105 3886; x_wconf 88' lang='lat' dir='ltr'>V.</span> 
     </span>
     <span class='ocr_line' id='line_1_38' title="bbox 73 3903 1106 3988; baseline 0 -20"><span class='ocrx_word' id='word_1_287' title='bbox 73 3907 180 3969; x_wconf 87' lang='lat' dir='ltr'>senatu</span> <span class='ocrx_word' id='word_1_288' title='bbox 205 3903 365 3967; x_wconf 79' lang='lat' dir='ltr'>laborasse.</span> <span class='ocrx_word' id='word_1_289' title='bbox 409 3911 563 3969; x_wconf 82' lang='lat' dir='ltr'>Decreve-</span> <span class='ocrx_word' id='word_1_290' title='bbox 619 3912 659 3973; x_wconf 88' lang='lat' dir='ltr'>ad</span> <span class='ocrx_word' id='word_1_291' title='bbox 676 3911 759 3969; x_wconf 88' lang='lat' dir='ltr'>Fam.</span> <span class='ocrx_word' id='word_1_292' title='bbox 784 3930 878 3988; x_wconf 61' lang='lat' dir='ltr'>ert-9.</span> <span class='ocrx_word' id='word_1_293' title='bbox 903 3907 1106 3983; x_wconf 74' lang='lat' dir='ltr'>defensumse</span> 
     </span>
     <span class='ocr_line' id='line_1_39' title="bbox 74 3991 1106 4072; baseline 0.003 -19"><span class='ocrx_word' id='word_1_294' title='bbox 74 4009 121 4053; x_wconf 87' lang='lat' dir='ltr'>rat</span> <span class='ocrx_word' id='word_1_295' title='bbox 156 3996 237 4052; x_wconf 83' lang='lat' dir='ltr'>enim</span> <span class='ocrx_word' id='word_1_296' title='bbox 271 3998 300 4051; x_wconf 88' lang='lat' dir='ltr'>ei</span> <span class='ocrx_word' id='word_1_297' title='bbox 334 3991 387 4055; x_wconf 85' lang='lat' dir='ltr'>sua</span> <span class='ocrx_word' id='word_1_298' title='bbox 415 3991 562 4065; x_wconf 76' lang='lat' dir='ltr'>sententia</span> <span class='ocrx_word' id='word_1_299' title='bbox 609 4016 637 4068; x_wconf 63' lang='lat' dir='ltr'>,a</span> <span class='ocrx_word' id='word_1_300' title='bbox 654 3996 808 4071; x_wconf 75' lang='lat' dir='ltr'>Cicerone</span> <span class='ocrx_word' id='word_1_301' title='bbox 828 3998 957 4072; x_wconf 82' lang='lat' dir='ltr'>eiusque</span> <span class='ocrx_word' id='word_1_302' title='bbox 972 3999 1106 4067; x_wconf 76' lang='lat' dir='ltr'>patroci-</span> 
     </span>
     <span class='ocr_line' id='line_1_40' title="bbox 74 4074 1106 4167; baseline 0.005 -27"><span class='ocrx_word' id='word_1_303' title='bbox 74 4077 313 4160; x_wconf 77' lang='lat' dir='ltr'>supplicationes</span> <span class='ocrx_word' id='word_1_304' title='bbox 386 4081 564 4161; x_wconf 79' lang='lat' dir='ltr'>quindecim</span> <span class='ocrx_word' id='word_1_305' title='bbox 610 4084 673 4153; x_wconf 66' lang='lat' dir='ltr'>,nio</span> <span class='ocrx_word' id='word_1_306' title='bbox 686 4077 859 4161; x_wconf 70' lang='lat' dir='ltr'>periculum</span> <span class='ocrx_word' id='word_1_307' title='bbox 875 4074 996 4151; x_wconf 75' lang='lat' dir='ltr'>evasisse</span> <span class='ocrx_word' id='word_1_308' title='bbox 1011 4077 1106 4167; x_wconf 67' lang='lat' dir='ltr'>sigul-</span> 
     </span>
    </p>
   </div>
   <div class='ocr_carea' id='block_1_6' title="bbox 0 0 1265 4808">
    <p class='ocr_par' dir='ltr' id='par_1_7' title="bbox 0 0 1265 4808">
     <span class='ocr_line' id='line_1_41' title="bbox 0 0 1265 4808; baseline 0 0"><span class='ocrx_word' id='word_1_309' title='bbox 0 0 1265 4808; x_wconf 95' lang='lat' dir='ltr'> </span> 
     </span>
    </p>
   </div>
  </div>
 </body>
</html>
