2506 4808
250 313 538 385 nrtsrota
584 315 681 394 rm.
915 320 983 407 ¹⁶7.

87 506 113 584 ιέ
136 504 261 572 θανεῖν.
304 504 437 571 Maiora
463 503 522 570 ista
548 515 658 571 erunt.
707 500 806 569 Meae
822 504 982 594 obiurga·

94 609 230 673 fuerunt
253 613 378 672 amoris
401 605 623 694 plenissimae,
645 626 730 690 quae
744 600 983 678 suntnonnul·

87 709 235 772 ltamen
252 709 461 781 medioeres,
489 721 524 771 et
538 728 660 794 parvae
680 712 808 794 potius.
849 707 923 797 Ego
943 720 983 775 ta

89 830 140 872 am
156 809 223 873 ulla
234 815 268 874 in
285 832 324 874 re
340 809 480 896 dignum
496 813 634 872 minima
649 806 909 896 reprehenfione
919 831 984 897 pu·

105 933 208 994 quum
220 922 254 974 te
270 906 463 975 sanctissime
479 930 635 997 gereres,
651 906 710 975 nist
725 906 883 974 'inimicos
898 906 984 975 mul·

87 1031 249 1077 teramus.
298 1010 393 1100 Quae
408 1012 449 1075 ad
470 1024 505 1076 te
520 1011 628 1096 aliqua
648 1010 897 1085 admonitione,
925 1020 983 1074 aut

87 1121 193 1180 atione
217 1109 345 1199 scripsi,
387 1111 495 1201 scripfi
515 1126 657 1201 propter
678 1111 888 1201 diligentiam
907 1133 984 1177 cau·

87 1237 193 1290 meae,
221 1220 257 1279 in
281 1223 396 1296 quaet
412 1229 554 1288 maneo,
572 1227 607 1279 et
627 1216 791 1289 manebo,
814 1229 865 1288 et,
887 1213 981 1279 ideut
1092 1230 1095 1239 ·

87 1341 130 1393 ιε,
152 1341 221 1382 uon
242 1313 392 1387 debltam
411 1336 545 1408 rogare.

87 1420 176 1485 talus
188 1419 395 1508 lphemenus
412 1440 548 1503 mecum
565 1422 652 1505 egit,
681 1430 722 1483 ut
735 1417 768 1483 fe
782 1439 825 1483 ne
839 1396 1012 1506 imfrediss

87 1545 136 1607 *uo
159 1527 290 1595 minus,
324 1520 413 1602 quod
438 1519 478 1583 ad
503 1516 546 1608 Q.
568 1517 743 1585 Publiceni
763 1519 901 1590 statuam
924 1520 981 1585 de·

102 1624 167 1699 eit,
189 1633 404 1710 erogaretur:
430 1619 520 1703 quod
536 1640 600 1707 ego
621 1632 656 1684 te
673 1632 709 1685 et
731 1643 838 1709 rogo,
868 1633 903 1685 et
924 1618 1002 1685 ad·'-

88 1770 99 1800 ,
128 1723 265 1789 natalis
288 1727 369 1795 viri,
396 1735 533 1805 tamque
544 1720 650 1786 nostri
663 1721 856 1796 necessarii,
876 1721 980 1787 hono-

91 1833 149 1892 nui
166 1848 228 1914 per
245 1838 310 1898 te,-
325 1835 381 1889 aut
402 1822 559 1909 impediri
580 1821 675 1888 velis.
719 1821 894 1888 Praeterea
915 1824 982 1889 Ae·

87 1926 223 2016 agberti,
244 1924 349 1991 nostri
372 1923 565 1997 familiaris,
588 1922 739 1990 Licinius
763 1924 896 2000 servus,
916 1928 981 1991 tibi

87 2030 231 2116 aufugit.
273 2029 306 2093 ls
320 2024 468 2091 Athenis
485 2025 572 2111 apud
582 2022 761 2090 Patronem
776 2026 981 2114 Epicureum

90 2152 149 2195 ero
170 2131 247 2195 luit.
301 2128 385 2194 Inde
404 2133 440 2191 in
460 2123 572 2191 Aliam
595 2134 698 2192 venit.
747 2127 864 2193 Postea
883 2126 980 2194 Plato

87 2230 312 2305 tSardianus,
334 2228 540 2317 Epicureus,
561 2233 618 2312 qui
639 2227 786 2295 Athenis
810 2231 891 2295 solet
914 2228 981 2297 elle

87 2356 122 2410 n,
143 2345 177 2398 et
193 2339 250 2418 qui
262 2345 334 2399 tum
348 2328 496 2395 Athenis
512 2330 640 2402 fuerat,
661 2352 764 2414 quum
772 2331 922 2399 Licinius
939 2354 980 2402 eo

99 2639 194 2702 verba
211 2638 278 2701 sunt
298 2638 374 2701 boni
389 2658 446 2723 gu·
542 2639 660 2695 maiora
682 2638 736 2714 ista
758 2637 864 2722 erunt]
906 2636 985 2701 baec

87 2732 150 2803 ,τῖες
172 2730 381 2806 quiNeptuno
392 2727 446 2783 de·
500 2723 594 2782 verba
604 2743 736 2804 quoquo
750 2727 789 2783 de
802 2742 911 2795 vertas,
925 2745 985 2797 nee

87 2812 148 2885 ‚ie
163 2816 255 2872 etiam
268 2816 299 2870 in
314 2814 445 2870 maxima
491 2809 753 2870 antecedentibus
786 2831 845 2872 nee
879 2807 986 2870 conse-

87 2905 141 2957 :ate
156 2917 265 2957 navem
284 2912 367 2955 recte
391 2915 446 2976 gu·
490 2893 665 2972 ·quentibus
676 2899 872 2967 conveniunt,
884 2914 988 2977 eaque

87 3001 175 3050 rum:
187 2983 383 3062 eoquedicto
400 2982 446 3038 uti
501 2976 550 3041 vel
566 2995 724 3058 corrupta,
746 2981 795 3039 vel
806 2978 926 3041 insititio
942 2976 987 3041 el·

93 3067 238 3146 Quintus,
254 3081 286 3124 ut
298 3065 446 3146 quicquid
501 3059 532 3121 se
548 3060 691 3125 arbitror.

87 3151 399 3221 elevolim'entiantnr‚
417 3148 446 3209 le
544 3147 582 3229 Q.
617 3143 794 3233 Publiceni]
837 3145 987 3211 Publiceni

87 3239 275 3316 provinciam
293 3250 378 3294 recte
394 3235 446 3294 fid.
502 3232 628 3308 quidem
643 3255 759 3314 nomen
772 3235 912 3298 Vlllosum
933 3234 986 3310 Ost,

87 3336 196 3380 iturum
215 3319 424 3398 profiteretur.
501 3335 561 3375 nec
582 3316 660 3376 aliae
679 3319 827 3381 lectiones
842 3322 987 3402 prolatae

102 3404 216 3486 θανεῖν]
247 3406 290 3462 Ex
307 3402 447 3486 Aeschyli
503 3399 820 3474 colimbriensem,
843 3422 877 3466 ut
892 3409 987 3482 publi·

88 3488 443 3569 h.vinctov.7l19.ttgrie·
502 3505 583 3557 cain,
613 3490 747 3568 quodin
761 3487 817 3550 Mi.
835 3491 987 3554 Gruterus

95 3579 130 3642 εἰς
145 3570 226 3647 ἅπαξ
244 3578 334 3632 θανεῖν
361 3570 378 3647 ἦ
392 3574 445 3645 τίς
502 3576 619 3649 reperit
633 3571 739 3654 estque
752 3589 782 3632 et
798 3579 830 3633 in
843 3577 892 3640 ed.
909 3577 988 3641 Iertl'.

95 3658 446 3739 ἦμέραςποίσχεινκακῶς.
503 3656 628 3716 Nomen
644 3655 774 3718 hominis
797 3657 871 3721 clati
883 3669 989 3746 requi·

87 3741 448 3825 toQuintusfiguiftcelle
485 3743 588 3799 ¹titur.
625 3738 751 3820 Ernesti.

87 3826 159 3898 ,fibi
176 3828 258 3888 adeo
271 3849 371 3886 eoram
388 3827 448 3889 elle
544 3830 624 3900 antid
641 3824 824 3915 Patronem]
866 3832 989 3913 dequo

87 3917 217 3973 ationem
231 3910 332 3986 suam,
351 3930 386 3973 ut
401 3913 448 3973 vel
487 3915 606 3992 agitur
631 3934 682 3997 ep.
710 3938 736 3979 ι.
763 3917 817 3981 lib.
841 3915 926 3980 Xlll.
947 3917 990 3981 ed

87 4001 166 4057 otius
189 4001 312 4077 cupiet,
353 4020 447 4081 quam
502 3996 587 4057 Fam.

90 4081 203 4144 emole
219 4083 337 4143 audire.
