2506 4808
303 284 596 400 aristone
638 329 836 397 ortvs:
1021 350 1085 415 ιη..

157 521 268 586 Venio
288 532 382 583 nuno
396 515 438 581 ad
452 527 528 582 tuas
546 515 679 582 literas:
701 528 782 601 quas
797 517 948 606 pluribus
967 513 1112 605 episto-3

55 623 99 689 lis
116 628 250 710 accepi,
276 625 357 683 dum
382 617 452 683 suin
472 624 505 682 in
519 615 689 706 Arpinati.
733 619 820 683 Nam
843 619 926 685 mibi
946 642 1015 685 uno
1029 620 1085 685 die

56 736 129 796 tres
152 725 227 791 sunt
246 721 419 794 redditae,
441 721 650 805 etquidem,
671 719 945 796 arridebantur,
966 722 1086 788 eodem

31 866 35 874 ·
57 831 117 892 abs
134 839 167 890 te
184 826 281 888 datae
302 834 471 908 tempore:
494 843 562 887 nna
572 821 725 910 pluribus
742 823 874 896 verbis,
894 827 929 888 in
945 845 1009 906 qua
1023 828 1088 910 pris

57 939 261 1000 mutuarat,
282 922 375 1010 quod
391 928 561 1005 antiquior
573 923 647 990 dies
661 929 697 988 in
711 927 778 988 tuis
795 922 905 989 suisset
922 924 1089 1013 adscripta

56 1033 187 1105 literis,
221 1048 322 1112 quam
344 1031 381 1090 in
399 1022 558 1091 Caesaris.
602 1024 642 1089 Id
664 1024 744 1090 facit
767 1023 899 1112 Oppius
922 1049 1089 1095 nonnum«

59 1142 157 1218 qnam
182 1127 385 1201 necessario,
429 1138 485 1200 ut,
527 1145 629 1208 quum
659 1123 850 1191 tabellarios
878 1125 1088 1195 constitnerit

58 1241 210 1305 mittere,
229 1229 412 1311 literaeque
434 1247 454 1291 a
476 1227 576 1292 nobis
601 1232 789 1314 acceperit,
808 1227 916 1311 aliqua
941 1252 978 1294 re
999 1253 1088 1298 nova

57 1335 282 1423 impediatur,
313 1343 349 1394 et
369 1312 552 1411 necessario
573 1323 696 1400 serius,
729 1346 829 1411 quam
851 1327 1089 1407 constituerat,—

57 1443 189 1501 anittat:
208 1452 318 1515 neque
341 1449 405 1496 nos
424 1429 510 1493 datis
525 1432 593 1492 iam
614 1425 760 1518 epistolis
781 1432 873 1494 diem
888 1438 1089 1499 commutari

60 1556 232 1602 curemus.
277 1531 411 1602 Scribis
434 1530 477 1595 de
496 1529 648 1595 Caesaris
668 1527 798 1597 summo
817 1537 853 1597 in
873 1555 940 1600 nos
961 1548 1088 1605 amore.

59 1639 161 1702 Hune
178 1649 212 1701 et
229 1648 269 1700 tn
282 1635 411 1700 fovebis
421 1666 432 1707 ,
451 1647 486 1698 et
498 1650 585 1706 nos,
601 1635 872 1718 quibuscumque
886 1644 1090 1722 poterimus,
1161 1679 1165 1692 ,

57 1728 165 1817 'rebus
188 1737 398 1823 augebimus.
440 1734 494 1801 De
517 1734 696 1821 Pompeio,
717 1746 753 1796 et
775 1734 864 1800 facio
887 1736 1090 1824 diligenter,

62 1842 228 1905 etfaciam
243 1835 333 1921 quod
348 1857 480 1901 mones.
524 1834 625 1925 Quod
647 1836 709 1898 tibi
730 1856 805 1899 mea
819 1837 987 1929 permissio
1001 1862 1090 1907 man·

63 1940 162 2004 sionis
185 1952 262 2003 tuae
284 1949 381 2025 grata
405 1933 468 2010 est,
498 1936 534 1999 icl
559 1957 623 2023 ego
645 1933 774 2004 summo
795 1959 872 2001 meo
893 1939 1028 2015 dolore,
1055 1957 1091 2009 et

63 2039 244 2114 desiderio,
272 2052 388 2108 tamen
413 2059 457 2103 ex
484 2052 581 2124 parte
604 2037 746 2127 gaudeo.
789 2036 829 2103 In
852 2038 1090 2130 Hippodamo,

63 2158 98 2210 et
112 2141 284 2208 nonnullis
303 2141 376 2205 aliis
394 2137 614 2213 arcessendis,
638 2137 717 2224 quid
736 2142 884 2226 cogites,
906 2164 976 2210 non
995 2143 1092 2227 intel·

60 2246 141 2334 ligo.
185 2241 295 2309 Nemo
314 2239 456 2308 istorum
482 2238 546 2314 est,
584 2245 665 2325 quin
688 2242 747 2303 abs
770 2252 803 2304 te
826 2264 965 2319 munus,
993 2246 1091 2316 sandi

60 2347 243 2413 suburbani
269 2340 390 2414 instar,
427 2339 610 2427 exspectet.
653 2337 855 2408 Trebatium
876 2366 956 2412 vero
977 2369 1091 2413 meum

64 2447 156 2532 quod
178 2446 241 2513 isto
266 2441 465 2514 admisceas,
498 2439 582 2510 nibil
608 2440 664 2507 est.
707 2441 780 2528 Ego
803 2441 897 2509 illum
920 2448 961 2512 ad
979 2449 1093 2520 Caesa·
1179 2529 1182 2534 ¹

63 2572 135 2614 rem
153 2545 244 2620 nrib,
265 2549 322 2629 qui
338 2542 421 2611 milri
436 2549 502 2612 iam
516 2543 689 2612 satisfecit.
733 2541 771 2611 Si
787 2544 845 2632 ipsu
859 2553 983 2622 minus,
1002 2568 1095 2638 prae·

64 2651 149 2714 stare
166 2646 248 2712 nihil
265 2645 391 2713 debeo:
420 2657 521 2730 teque
535 2651 617 2709 itern
631 2646 672 2711 ab
689 2666 729 2709 eo
745 2646 896 2724 vindico,
921 2665 955 2719 et
970 2653 1092 2721 libero,

66 2751 168 2842 Quod
192 2749 309 2814 scribis
327 2760 362 2811 te
378 2769 396 2811 a
412 2747 551 2812 Caesare
570 2747 721 2830 quotidie
737 2746 812 2832 plus
827 2750 937 2840 diligi,
959 2759 1095 2822 immor-

66 2853 179 2920 taliter
194 2843 336 2941 gaudeo.
379 2846 521 2920 Balbum
535 2864 631 2928 vem,
652 2853 710 2933 qui
724 2846 772 2916 est
786 2848 878 2921 istius
895 2859 946 2925 rei
961 2860 1095 2946 (quem-

447 3137 715 3155 m

108 3356 140 3415 5.
161 3336 376 3426 Hippodamo]
394 3341 500 3424 Vulgo
513 3338 556 3403 est
613 3360 683 3402 curn
698 3340 790 3403 Innio
800 3343 953 3426 pluralem
967 3370 1026 3432 pro
1042 3349 1098 3416 fin.

68 3431 265 3502 hippodumis.
312 3427 410 3508 Quod
424 3440 477 3487 cut
489 3428 556 3488 Mn·
613 3425 711 3511 gasati
743 3432 922 3505 ἐμφατικὸς,
962 3435 1098 3517 positum

68 3519 171 3572 nutius
195 3513 310 3593 allique
336 3513 376 3572 de
400 3528 554 3594 equorum
612 3508 674 3573 esse
691 3510 823 3591 placeat.

69 3595 557 3677 domitoribusacceperinr‚band
655 3596 731 3683 isto]
760 3620 822 3679 pro
847 3601 926 3676 istuc.
958 3600 1016 3666 soil.
1039 3601 1099 3668 istis

71 3677 223 3760 assequor.
292 3682 392 3761 Immo
442 3696 558 3741 nornen
614 3682 822 3761 Hippodamo
842 3682 1008 3752 asceteria.
1044 3686 1101 3751 Er·

69 3769 235 3844 proprium
265 3765 306 3825 eil
336 3765 403 3826 sotis
429 3780 559 3841 notum3
615 3769 696 3848 nesti.

71 3853 560 3996 titllll‘l'lllll”lil
640 3851 995 4000 .‘}ff.'”²sr⁶5{‘is.i¹⁵h³¹⁰st'
1015 3861 1104 3942 ‘¹⁸⁰⁶

72 3955 227 4100 essguod
259 4018 288 4079 h.
311 4018 330 4080 s.
361 3978 560 4095 Hippodamia
616 3958 692 4084 ssc'm
713 4019 801 4097 illos,
828 3958 1106 4108 αΙίἓΐίάᾳιηῖἕῦὲ,
1145 4092 1150 4109 .-

42 4124 180 4190 'uerum
198 4114 364 4188 putemus,
395 4103 452 4169 ulfi
477 4109 562 4169 forte
616 4105 792 4189 spectare..
855 4157 857 4161 ,
