2506 4808
300 315 582 389 rrtsromt
621 322 734 392 xxt.
984 352 1028 420 ,3

87 526 110 571 ts
130 511 335 594 concupivit;
361 505 449 573 nosti
467 515 558 573 enim
579 516 740 577 marinas.
757 550 798 567 -
822 514 1026 608 Quousque,

87 613 127 682 it,
147 603 238 672 hunc
257 628 372 693 regem
394 608 567 676 feremus?
583 651 624 665 -
650 634 766 703 regem
789 619 955 705 appellas,
978 631 1027 688 in-

87 731 116 782 a,
136 730 238 791 quum
261 705 336 771 Rex
361 714 410 774 tui
432 717 642 779 mentionem
658 713 786 779 nullam
807 717 949 785 fecerit?
968 721 1026 789 ille

87 832 108 871 n
120 807 227 895 Regis
244 805 467 875 hereditatem
484 809 537 899 spe
551 812 741 880 devorarat.
784 816 954 896 Domum,
978 830 1027 888 in-

103 910 221 974 emilti.
237 950 278 965 -
319 909 398 976 Non
422 927 542 1000 potes,
563 921 719 998 inquam,
740 917 874 994 dicere,
895 924 1025 991 iudices

87 1012 333 1086 i.-1uranti‚
354 1017 482 1098 inquit,
503 1019 565 1081 tibi
586 1039 658 1082 non
673 1018 904 1085 crediderunt.
936 1023 1026 1091 Mihi

370 1178 641 1206 ..ιδ-...ιι-

87 1268 245 1348 Arpinates
270 1294 361 1351 aqaas
376 1295 476 1334 eom·
532 1276 667 1359 ignoras.
683 1271 772 1334 Nosti
782 1279 863 1337 enim
874 1284 1019 1358 marinae,

117 1359 271 1441 intelligit
297 1364 377 1419 enim
402 1360 477 1422 Clo·
534 1357 646 1440 quibus
675 1359 732 1421 titi
758 1362 910 1423 utendum
942 1368 1021 1444 luit,

87 1462 192 1524 .quae
205 1459 359 1522 patronus
375 1447 476 1506 fratris
532 1441 699 1525 postquam
746 1466 816 1506 erae
847 1451 1021 1527 piratarum

87 1549 107 1598 r,
124 1532 201 1608 quia
215 1531 356 1590 lactitiae
369 1546 399 1590 et
408 1552 477 1615 gra·
533 1527 755 1589 contumeliam
773 1534 806 1591 in
819 1534 926 1596 medio
941 1543 1020 1599 mati

87 1629 233 1673 natorum
256 1613 344 1672 fratri
367 1633 476 1695 patro·
533 1611 704 1696 perpessus.

87 1711 165 1770 itur,
210 1697 312 1778 qualit
349 1700 475 1761 Praecla
575 1719 663 1775 quum
692 1694 781 1781 Rex]
825 1700 864 1780 Q.
888 1703 1018 1767 Muttine

87 1778 283 1842 Plutarchum
294 1786 324 1842 in
333 1783 474 1845 Lucullo.
530 1781 598 1842 Rex
613 1785 781 1844 Terentiae
808 1782 921 1845 sororis
944 1788 1019 1850 Clo-

87 1888 117 1924 πο
131 1889 211 1945 quae
225 1880 260 1925 ut
274 1870 307 1927 in
323 1867 376 1927 lib.
392 1869 416 1931 l.
434 1869 476 1931 ad
530 1867 575 1929 dii
590 1872 727 1929 maritus.
740 1868 896 1930 Plutarch.
911 1876 943 1932 in
953 1875 1017 1938 Cic.

95 1973 146 2033 ep.
165 1972 197 2032 9.
226 1952 279 2009 illa
299 1950 389 2022 furia
411 1976 473 2015 mu·
535 1949 665 2012 Corrad-

90 2059 121 2094 m
156 2040 364 2113 religionum,
412 2041 476 2118 qui
523 2082 526 2087 -
573 2042 752 2098 mentionem
763 2039 874 2095 nullam
879 2036 1018 2129 fecerit]

87 2124 174 2180 >luris
199 2121 323 2192 fecerat
361 2118 475 2183 Bonam
531 2122 634 2185 Merit
676 2125 735 2183 init
779 2125 865 2202 apud
899 2127 1018 2191 lloma·

94 2251 103 2279 ,
138 2228 229 2284 quam
258 2210 319 2266 tres
343 2208 473 2283 sorores.
528 2226 589 2270 not
610 2212 642 2269 in
661 2208 808 2269 iaciendo
831 2205 1016 2277 testamento

90 2293 326 2368 tilludscelns‚
347 2299 408 2369 qui
426 2317 474 2354 me
530 2298 670 2353 omnium
708 2298 882 2353 amicorum
918 2298 1016 2376 paulo

87 2380 127 2437 tit.
151 2411 194 2427 -
240 2373 373 2439 Gronov.
528 2378 764 2438 familiariorum
794 2378 899 2438 farere
930 2403 1017 2447 meu·

87 2465 104 2520 i
122 2462 204 2518 enim
218 2462 374 2546 marinas]
417 2460 473 2522 Er·
529 2465 647 2523 tionem
668 2466 768 2542 iisque
792 2461 910 2543 aliquid
932 2464 1017 2553 lega·

87 2569 115 2616 r,
137 2544 488 2635 etsreumnonlugie3
529 2567 573 2607 re.
618 2549 784 2607 Praeteriti
820 2563 923 2607 autem
953 2570 1017 2615 tam

87 2653 115 2693 tc
135 2632 178 2692 de
191 2631 309 2692 Clodio
331 2630 471 2710 stuprate
530 2645 623 2709 turpe
638 2629 829 2704 censebatur,
850 2652 943 2712 quam
958 2636 1017 2699 ho-

87 2720 142 2789 tia,
168 2720 471 2797 quoruminmanut
529 2713 649 2776 nestum
687 2713 874 2776 testamentis
900 2726 1018 2784 amico·

87 2819 224 2874 teneret,
249 2801 398 2885 intelligi,
427 2816 472 2861 ta·
529 2822 599 2860 rum
614 2799 709 2860 multa
726 2796 787 2859 elle
807 2799 1016 2882 consecutum,

87 2901 187 2947 utetur
209 2884 239 2946 le
254 2906 366 2946 nexum
382 2886 472 2945 huius
530 2887 620 2965 quod
636 2886 676 2945 de
693 2884 722 2943 se
732 2885 894 2965 praedicor
903 2887 1015 2955 Cicero

87 2975 159 3031 tatia
180 2992 248 3031 cum
263 2970 472 3052 superioribus
529 2969 664 3051 Philipp.
683 2970 722 3032 11.
769 2966 889 3046 Cnsaub.

86 3056 181 3118 idere.
209 3053 259 3115 Est
276 3055 345 3117 sane
364 3055 472 3116 obscu·
572 3077 630 3112 non
643 3066 745 3131 potes,
766 3059 914 3135 inquam,
939 3059 1014 3115 dice.

87 3141 152 3213 lus,
176 3138 230 3201 sed
248 3157 352 3201 tamen
368 3139 407 3200 stc
422 3163 473 3201 ex·
530 3161 581 3198 re:
610 3144 719 3199 iudices
742 3139 859 3222 emisti]
907 3142 1013 3226 Vulgo

88 3227 146 3286 dns
169 3225 299 3285 videtur.
328 3225 469 3297 Clodius,
528 3225 647 3288 editur:
670 3229 912 3305 putesinquam,
936 3230 1014 3284 dice-

87 3325 194 3371 aetat:
244 3313 327 3391 Quid
360 3313 471 3368 hornint'
528 3331 581 3380 re,·
611 3314 643 3370 iu
674 3331 739 3392 quo
770 3311 844 3390 quid
867 3307 1014 3392 significet

87 3398 125 3452 ati
150 3415 217 3450 cum
240 3399 328 3475 aquis
355 3395 471 3453 caldis?
526 3394 605 3455 illud
618 3407 713 3470 putes,
735 3415 829 3454 nemo
845 3393 1014 3457 sanedixe·

87 3480 168 3540 adet
188 3480 320 3554 Cicero;
355 3501 471 3560 quaere
527 3484 576 3540 rit.
597 3481 743 3540 Ciceroni
755 3481 884 3552 Clodius
902 3502 1014 3562 expro-

89 3571 241 3646 t'patrono
265 3582 339 3634 tuo,
362 3565 471 3626 sorore
528 3563 672 3625 beaverat
686 3566 815 3625 domum
830 3585 941 3648 magna
959 3590 1014 3647 pe·

87 3670 163 3731 puae
178 3653 361 3731 coniugium
382 3647 471 3710 huius
522 3653 618 3721 ,cunia
642 3665 789 3729 emptam.
834 3649 945 3730 ltaque
964 3655 1015 3711 Ci-

87 3743 136 3796 rtis
167 3738 339 3814 appetivit,
367 3739 421 3815 qui
449 3731 472 3792 fi
528 3755 602 3795 cero
617 3736 1012 3818 tegeritmonpoteemihi,

87 3821 282 3882 inditionem
297 3837 362 3878 non
379 3839 473 3897 repu-
527 3835 562 3877 ut
579 3840 641 3902 ego
663 3820 718 3880 tibi
738 3815 880 3898 possum,
902 3839 1015 3899 expro-

92 3948 103 3978 ,
131 3908 165 3965 ei
183 3918 270 3962 certe
293 3907 379 3983 aquis
401 3903 473 3962 cali·
527 3902 619 3964 brare
644 3908 760 3964 iudices
785 3920 917 3982 emptos.
953 3904 1015 3966 lta·

87 4011 133 4052 tue
158 3984 273 4048 luillet.
309 3991 355 4047 Ac
375 4008 416 4047 ne
438 4004 472 4048 tu
528 4009 592 4071 que
606 3985 760 4071 rescriplit
788 4009 846 4045 non
865 3997 961 4063 poter.

87 4093 231 4139 aearum
242 4073 471 4135 nsumomnino

845 4163 912 4230 Fa
