2506 4808
127 323 191 388 ,σο
427 302 713 383 musione
741 292 852 417 'mi

128 504 223 574 nullo
237 499 315 568 loco
329 501 459 584 deero,)
479 522 621 585 quarum
637 501 741 566 altera
754 484 859 566 est⁴de
871 498 1001 568 Blande]

126 604 227 680 iride,
252 625 352 688 quem
378 599 494 666 scribis
511 600 728 668 certissimum
743 601 957 666 matricidam
979 607 1001 666 ti

128 713 246 772 intime
271 702 511 767 commendari.
557 702 632 794 Qua
655 703 697 767 tle
720 722 781 776 re,
822 714 855 766 et
876 702 921 787 de
939 701 1001 767 hoe

90 864 94 868 .
128 821 221 881 toto,
243 827 285 870 ne
308 805 396 870 forte
414 825 467 867 me
488 808 523 866 in
540 802 690 869 Graecos
711 814 782 866 tam
796 800 1001 867 ambitiosum

5 920 14 938 '
107 907 194 972 'esse
215 912 358 978 mirere,
378 924 483 992 pauca
504 905 678 990 cognosce.
720 906 795 992 Ego
817 926 923 988 quum
947 903 1001 967 Gn

130 1007 285 1093 querelas
308 1010 449 1070 nimium
470 1003 581 1069 valere
606 1005 784 1080 sentirem,
815 1001 1001 1093 propterh

128 1113 264 1200 ingenia
279 1104 320 1169 ad
339 1103 524 1170 fallendum
545 1121 675 1193 parata:
700 1127 933 1190 quoscumque
948 1105 990 1170 de

132 1209 260 1280 audivi,
294 1226 504 1289 quacumque
531 1212 629 1294 potui
655 1214 787 1272 ratione
814 1206 957 1296 placavi.

130 1305 413 1400 Dionyfipolitas,
435 1311 491 1388 qui
508 1319 605 1371 erant
617 1306 846 1382 inimicissimi,
868 1307 989 1374 lenivi:

130 1413 320 1498 principem
340 1399 565 1494 Hermippum
587 1429 657 1471 non
680 1405 786 1471 solum
806 1407 960 1474 sermone
982 1430 1001 1501 ¹¹.

95 1562 99 1569 .
133 1515 234 1574 etiam
251 1506 475 1571 familiaritate
491 1506 639 1572 devinxi.
682 1507 991 1595 EgoApamensem

130 1609 237 1683 stum,
265 1629 329 1694 ego
349 1604 543 1672 levissimum
565 1605 756 1681 hominem,
790 1608 1001 1697 Megaristum

130 1711 262 1783 drium,
286 1730 347 1794 ego
363 1707 496 1773 Niciam
515 1705 759 1800 Smyrnaeum,
780 1729 840 1796 ego
861 1732 970 1798 nugas
993 1736 1001 1775 1

131 1814 226 1877 omni
254 1831 330 1873 mea
359 1815 519 1874 comitate
547 1807 616 1874 sum
647 1808 866 1896 complexus,
899 1811 1001 1904 Nym]

132 1918 231 1978 etiam
254 1908 523 1996 Colophonium3
545 1930 628 1992 quae
649 1910 718 1974 seci
739 1914 870 1983 emnia,
900 1933 1001 1977 non-1

131 2027 188 2078 aut
207 2017 232 2076 ii
252 2008 429 2085 hominm,
447 2023 511 2076 aut
531 2023 609 2075 tota
625 2017 717 2075 natio
742 2010 946 2076 delectaret:
971 2037 1001 2101 p!

132 2113 180 2176 est
206 2112 374 2182 levitatis,
397 2125 430 2175 et
456 2111 681 2176 assentationis
702 2109 899 2186 hominum,
921 2135 992 2178 non

132 2212 189 2277 secl
210 2213 419 2298 temporibus
444 2212 667 2277 servientium.
713 2210 804 2286 Sed,
824 2227 862 2277 ut
884 2214 926 2278 ad
945 2215 1001 2279 Zei

131 2327 263 2380 vertar:
287 2335 387 2396 quum
411 2319 441 2376 is
465 2314 506 2376 de
522 2314 572 2377 Μ.
588 2311 748 2381 Cascellii„
764 2311 917 2378 sermone
939 2315 1001 2385 secr

130 2430 186 2490 to,
218 2436 303 2498 qliae
324 2425 363 2476 tu
386 2413 523 2488 scribis,
552 2436 589 2478 ea
608 2413 676 2500 ipsa
695 2413 914 2497 loqueretur,
950 2420 1001 2483 ob?

130 2518 292 2590 sermoni,
318 2527 354 2577 et
372 2514 546 2580 hominem
568 2521 604 2579 in
624 2513 884 2590 sanailiaritatenr
910 2541 1001 2607 rece]

131 2634 243 2686 autem
262 2635 344 2698 quae
365 2616 468 2679 fuerit
484 2616 651 2706 'cupiditas
667 2629 759 2680 tanta
775 2615 903 2692 nescio,
925 2642 1001 2704 quoi

131 2716 268 2806 cupiilse
296 2729 348 2789 te,
390 2718 546 2799 quoniam
572 2713 739 2807 Smyrnae
770 2717 838 2781 <luo
858 2718 985 2810 Mysios

130 2829 166 2888 in
181 2818 336 2890 culeum,
359 2813 459 2880 simile
480 2820 516 2878 in
538 2813 706 2903 superiore
728 2831 825 2906 parte
841 2827 998 2905 proviuci

132 2917 325 3006 exemplum
345 2913 530 2983 severitatis
552 2928 646 2981 tuae:
671 2931 705 2982 et
727 2919 858 2982 idcirco
875 2919 1001 2985 Zeuxin

133 3027 226 3087 omni
248 3023 379 3084 ratione
401 3014 555 3084 voluisse:
596 3040 697 3100 quem
719 3015 905 3087 adductum
931 3027 968 3087 in
994 3029 1001 3091 i

505 3240 773 3258 Μ

174 3410 203 3451 2.
235 3379 420 3464 Blandenio]
460 3402 498 3440 ex
535 3378 613 3441 urbe
711 3403 805 3459 nugas
833 3385 1001 3445 maximas*

129 3474 270 3542 Blando,
305 3488 386 3548 quae
406 3463 449 3526 est
469 3463 612 3548 inPhry-
669 3488 737 3526 mos
758 3468 947 3549 insimaeque
970 3460 1001 3533 ςξ

129 3569 189 3649 gia.
233 3554 352 3614 Manus·
669 3548 820 3613 homines.
872 3549 997 3616 Manat.

168 3632 372 3719 ambitiosum]
390 3649 451 3695 tam
465 3634 613 3713 cupidum
710 3638 840 3708 levitatis
874 3641 1001 3714 ajj'entat

129 3744 241 3792 ebrum
264 3729 392 3808 gratiam
416 3721 568 3798 capiendi.
668 3719 801 3804 aninum]
831 3722 939 3807 Vulgo
961 3731 1001 3786 lei

169 3801 381 3886 inimicissimi]
423 3803 525 3887 Vulgo
558 3801 612 3862 ed⁴
660 3804 840 3877 sectationis
872 3814 1001 3869 animm-1

127 3899 260 3962 debatur
275 3895 350 3962 nzei,
375 3888 462 3968 quod
483 3903 612 3947 auctore
669 3890 709 3949 de
722 3889 849 3952 Ernestii
863 3891 998 3958 sementi

124 3985 295 4050 Mennim,
342 3977 392 4034 cui
428 3969 613 4054 suffragetur

124 4063 290 4138 Ernestiui,
317 4059 428 4119 delevi.
