2506 4808
1052 326 1074 391 ἶ
1089 332 1154 402 ’Ἱ93
1202 370 1211 387 ·

420 310 702 382 EPISTOLA
744 310 859 380 XLV.

98 500 185 568 stos
201 496 371 567 hontines
386 498 515 566 sibilare
531 502 732 567 docueruut.
774 499 915 565 Bibulus
931 500 1073 566 incaelo
1090 501 1153 566 est:

92 626 203 678 nec,
232 624 361 687 quare,
383 599 469 686 lcio;
496 601 552 666 led
567 609 613 667 ita
627 602 784 666 laudatur
793 640 808 674 ,-
832 599 918 685 quasi
955 620 1074 677 „unus
1096 600 1155 667 bo-

95 728 170 771 mo
185 708 302 770 nobis
322 704 517 769 cunctando
531 702 684 767 restituat
698 702 801 766 rem.”

198 805 408 893 Pompeius,
430 805 537 869 nostri
553 826 705 876 amorer,
733 803 824 886 quod
840 802 924 868 mihi
948 804 1076 869 summo
1099 804 1183 871 tio-2

99 904 181 971 lori
201 905 274 981 est,
296 906 365 994 ipse
383 905 415 970 se
429 905 569 987 afflixit;
596 910 766 969 neminem
784 916 879 968 tenet
894 905 1081 987 voluntate5
1109 924 1154 973 ne

102 1020 222 1073 metu
243 1007 377 1072 necesso
394 1005 439 1070 ¹fit
455 1012 497 1071 iis
520 1011 589 1078 uti,
617 1026 746 1071 vereor.
811 1007 885 1093 Ego
906 1020 1019 1071 autem
1043 1028 1154 1090 neque

106 1131 244 1196 pugno
267 1132 346 1172 cum
366 1108 424 1174 illa
444 1106 537 1200 caula
553 1119 692 1195 propter
705 1106 796 1169 illam
811 1113 1006 1171 amicitiam:
1043 1131 1153 1191 neque

112 1214 300 1299 approbo,
323 1233 364 1275 ue
380 1201 493 1273 omnia
507 1209 713 1295 improbem,
739 1230 822 1290 quae
839 1221 937 1271 autea
953 1208 1049 1296 gessi:
1072 1223 1152 1275 utor

110 1318 186 1377 via.
233 1311 353 1400 Populi
368 1310 477 1375 lenius
496 1314 643 1372 maxime
660 1305 802 1381 theatro,
817 1321 850 1371 et
866 1308 1061 1394 spectaculis
1078 1334 1152 1400 per-

117 1408 262 1501 spectus
286 1410 343 1475 eit.
393 1410 481 1474 Nam
507 1409 764 1498 gladiatoribus,
791 1428 855 1494 qua
875 1413 1052 1488 domnus,
1087 1426 1152 1497 qua

504 1576 773 1594 m

130 1690 311 1785 Pompeius,
329 1694 467 1771 Crassus,
493 1713 613 1759 etcum
670 1702 724 1781 qui
755 1695 810 1760 fibi
836 1721 872 1760 ex
901 1705 1006 1764 animo
1037 1703 1151 1777 faveat,

135 1792 240 1863 ironia,
263 1790 351 1869 qnod
373 1788 530 1863 populares
552 1784 613 1845 dici

87 1924 92 1955 ;
140 1890 199 1935 lton
209 1871 338 1955 pollina,
360 1893 440 1953 quos
463 1869 612 1949 populus,

92 1982 96 1989 ·
144 1960 222 2017 etlam
232 1956 362 2019 modesti
380 1955 531 2024 homines,
543 1951 611 2014 fibi·

96 2072 100 2079 ·
146 2036 370 2103 lamententur.
405 2034 524 2097 Manat.

112 2162 119 2179 κ
179 2128 304 2201 restituat
320 2123 397 2207 rem]
440 2120 550 2185 Versus
567 2118 610 2182 est

150 2206 220 2273 Ennii
233 2212 271 2272 de
285 2212 326 2291 Q
340 2213 437 2270 Fabio
452 2210 609 2269 Maximo:

155 2286 216 2354 Unus
232 2300 320 2355 hoino
343 2299 424 2353 nobis
449 2294 608 2350 cuucmudo

152 2381 355 2455 restituerem
378 2401 448 2439 eum
464 2376 513 2437 bic
523 2379 610 2438 Cica-

150 2465 230 2527 ωδε
251 2466 365 2527 Bibulo
387 2462 520 2543 usurpat.
570 2460 610 2521 Et

99 2590 103 2597 -
148 2548 223 2635 vulgo
236 2552 349 2634 legitur
361 2552 497 2625 restituit,
521 2546 610 2627 quod

87 2654 99 2711 ,·
147 2652 227 2714 quum
247 2656 313 2696 nou
330 2651 419 2695 coeat
433 2655 502 2692 cum
520 2630 609 2708 qitasi,

87 2718 89 2725 ’
144 2715 177 2778 da
201 2722 331 2781 Munatii
360 2719 507 2781 sementia
540 2714 610 2775 scri·

141 2800 180 2885 psl
200 2809 342 2881 restituat.
403 2807 505 2881 Saepo
528 2804 609 2860 enim

138 2888 239 2952 Cicero
263 2888 416 2949 eiusmodi
447 2883 610 2947 versiculos

133 2994 189 3059 pro
210 2972 336 3035 consilio
359 2973 430 3042 luo,
468 2988 609 3030 aurora·

132 3062 218 3121 tionis
231 3057 380 3120 structura
394 3054 504 3117 leuiter
525 3054 611 3115 ialle·

125 3148 191 3207 etit.

131 3218 136 3227 ’
171 3229 611 3291 2.nemiuemteuetoolunluie;

125 3336 163 3375 na
177 3325 259 3372 metu
273 3313 381 3388 necasti
389 3314 431 3386 fit
447 3312 482 3367 iis
498 3311 550 3380 uti,
566 3329 611 3368 ue·

123 3397 231 3482 reon]
273 3396 309 3458 ln
323 3398 444 3480 vulgata
460 3395 611 3454 lectione:

122 3487 275 3545 nemiuem
287 3493 383 3542 tenet:
409 3482 559 3539 uoluntate
573 3498 612 3533 an

122 3580 208 3629 metu
228 3567 338 3644 necesse
352 3567 395 3640 sit
417 3567 453 3622 iis
475 3567 534 3636 uti,
564 3583 606 3620 ve·

121 3678 208 3726 reor,
238 3672 299 3712 uec
326 3648 425 3710 sensus
456 3669 514 3709 nec
541 3666 612 3707 ora·

121 3744 222 3801 tionis
256 3735 402 3796 llructura
443 3732 611 3795 conllabat.

121 3826 306 3903 Utrumque
324 3818 383 3878 levi
402 3818 522 3877 medela
543 3814 611 3875 sub·

120 3909 236 3975 levavi.
299 3905 467 3981 Pompeius
499 3906 609 3981 inquit,

121 3997 286 4057 neminem
313 3993 421 4049 civium
452 3988 611 4047 voluntate

122 4095 231 4157 tonet,
253 4072 283 4136 b.
301 4094 328 4134 e.
349 4077 501 4134 nemiuem
518 4070 612 4130 babet

667 1788 775 1864 itaque
809 1807 921 1846 vereor
946 1808 989 1848 na
1014 1791 1038 1847 is
1073 1794 1153 1848 eius·

669 1891 730 1950 que
747 1869 820 1929 socii
835 1870 876 1930 ad
891 1877 949 1930 viru
967 1872 1104 1951 spectent
1120 1886 1152 1932 et

667 1972 752 2013 metu
764 1961 799 2015 iia
815 1957 964 2017 utendum
977 1950 1023 2016 fit.
1060 1958 1154 2017 Pror-

665 2037 713 2098 sus
729 2040 837 2098 cadem
858 2040 1005 2103 sententia
1025 2062 1074 2122 ep.
1098 2056 1150 2120 47·

666 2120 757 2188 dicitz
779 2125 912 2199 sentiunt
924 2129 959 2202 se
981 2129 1090 2187 trullam
1108 2131 1149 2185 ul·

666 2213 726 2285 lius¹
734 2213 829 2284 partis
839 2214 1019 2269 volantatem
1029 2224 1128 2270 tenere
1135 2233 1148 2281 ;

667 2316 700 2351 eo
733 2298 830 2371 araugis
859 2299 903 2353 vis
935 2301 1014 2354 uobis
1044 2299 1085 2373 est
1111 2300 1150 2354 ti·

665 2383 782 2437 menda.

709 2467 791 2520 illam
829 2461 1015 2544 amicitiam]
1078 2472 1150 2522 cuni¹

665 2550 819 2628 Pompeio
841 2565 872 2606 et
887 2547 1025 2607 Caesare.
1067 2549 1149 2605 Nam

666 2635 750 2693 illum
761 2651 795 2692 ut
810 2638 853 2692 ait
869 2655 918 2711 ep.
929 2635 966 2692 ad
983 2636 1150 2713 Caecinam

666 2719 810 2778 FamVl.
820 2721 848 2778 6.
865 2719 989 2798 plurimi
1005 2715 1149 2788 saciabat,

666 2804 727 2864 hoc
741 2800 966 2862 familiarissime
975 2804 1128 2862 utebatur.

711 2900 777 2944 utor
795 2886 864 2971 uia]
897 2889 997 2947 media
1016 2888 1150 2967 quadam

667 2976 714 3033 via
736 2989 823 3043 utor,
846 2995 904 3052 qua
923 2972 1004 3033 licet.

711 3070 737 3114 et
768 3057 963 3140 spectaculis]
1012 3056 1150 3139 intellige

669 3147 776 3201 coleris
802 3142 997 3220 spectaculis,
1027 3145 1150 3202 Circen·

668 3227 757 3293 libus,
780 3229 966 3287 muneribus.
1000 3222 1125 3302 Ernesti.

710 3312 947 3393 gladiatoribut]
984 3311 1063 3371 ludia
1087 3312 1151 3394 gla-

669 3396 824 3464 diatoriis,
850 3415 882 3455 m
900 3388 971 3454 alibi
986 3396 1089 3474 saepe.

712 3503 766 3557 qua
785 3481 940 3563 duramus]
975 3481 1151 3563 intelligunt

669 3586 750 3634 eum,
775 3571 828 3646 qui
844 3567 935 3626 ludos
952 3566 1074 3638 edebat,
1097 3567 1150 3624 ad·

667 3666 806 3720 vocatos,
824 3669 926 3736 anulum
947 3656 1073 3723 amicos,
1097 3654 1151 3730 qui

667 3733 837 3795 resisterent
864 3741 991 3794 inimicia
1018 3730 1151 3793 liblami·

667 3818 733 3879 bus.
795 3821 834 3878 Et
860 3820 1072 3897 sane-videtur
1095 3819 1149 3891 illo

667 3924 749 3962 atino
776 3904 925 3964 Gabinius
949 3906 1151 3987 gladiatorios

666 3988 758 4047 ludos
778 3988 916 4060 edidisse,
937 3995 1020 4048 cuius
1036 3987 1152 4070 gladia·

668 4089 753 4157 tores
769 4077 846 4135 insta
867 4089 1079 4134 memorantur
1100 4093 1151 4152 ep.
