2506 4808
174 318 235 392 148
430 296 715 368 EPISTULA
774 300 946 368 CXXV·

176 512 277 579 quem
293 494 380 556 tuin
396 493 482 553 meis
507 492 694 555 rationibus
713 489 776 552 tibi
797 486 862 551 esso
877 486 1153 577 adiungendum
1172 510 1214 577 pn·

176 595 262 659 tuiti.
306 591 376 659 Sed
394 603 429 652 te
444 612 512 653 non
528 595 709 677 praeterit,
732 611 830 672 quam
848 587 885 654 fit
903 589 1075 666 difficile,
1099 589 1216 658 senium

178 699 220 760 de
238 718 274 759 re
295 692 451 781 publica,
472 689 667 777 praesertim
690 707 822 755 rectum
842 704 875 754 ot
899 690 1157 760 confirmatum
1171 695 1216 761 de

177 816 315 885 ponere.
360 792 488 856 Verum
509 804 623 855 tamen
646 788 712 878 ipse
732 814 784 856 me
800 791 986 859 conformo
1008 797 1056 861 ad
1079 802 1156 863 eius
1171 820 1215 865 vo

174 898 358 970 luntatem,
380 915 480 976 aquo
497 888 636 957 honeste
655 892 825 960 dissentire
844 920 910 961 nou
927 897 1089 985 possum:
1114 922 1215 985 neque

173 1000 210 1063 id
230 999 340 1071 facio,
374 1010 411 1060 ut
435 992 573 1059 forsitan
597 997 798 1079 quibusdum
824 998 958 1073 videar,
992 996 1214 1069 simulatione.

174 1100 329 1167 Tantum
352 1103 441 1162 enirn
463 1101 564 1160 animi
580 1099 762 1172 =inductio,
786 1113 820 1163 et
835 1099 1040 1167 mehercule
1058 1124 1160 1170 amor
1173 1124 1214 1169 er·

174 1223 216 1291 ga
229 1199 426 1286 Pompeium
448 1198 534 1283 apud
559 1220 612 1262 me
630 1198 736 1273 valet,
758 1213 811 1275 ut,
834 1224 916 1285 qnae
937 1201 989 1267 illi
1006 1202 1113 1269 utilia
1132 1202 1214 1278 suut,

174 1318 209 1368 et
230 1323 314 1384 quae
336 1299 392 1363 ille
414 1297 505 1371 vult,
528 1317 565 1361 ea
581 1297 663 1363 milri
683 1309 795 1366 omnia
816 1310 880 1367 iam
900 1318 934 1369 et
949 1317 1069 1379 recta,
1094 1318 1131 1371 et
1144 1325 1214 1372 vera

174 1403 362 1470 videantur.
408 1396 528 1483 Neque
551 1403 610 1481 (ut
626 1423 691 1488 ego
706 1406 875 1491 arbitror)
899 1420 1085 1482 errarent,
1108 1430 1154 1474 ne
1168 1406 1213 1472 ad·

173 1501 308 1570 versarii
334 1499 471 1584 quidem
494 1506 585 1575 eius,
611 1500 865 1596 fiquumpares
885 1506 1040 1573 essenon
1064 1506 1214 1597 possent,

172 1623 323 1691 pugnare
344 1598 548 1666 desisterent.
592 1605 650 1670 Me
669 1609 802 1692 quidem
825 1613 926 1672 etiam
947 1605 1004 1670 illa
1020 1628 1084 1675 res
1105 1608 1212 1676 conso

171 1703 279 1776 latur,
313 1703 405 1789 quod
427 1726 490 1791 ego
514 1711 545 1770 is
572 1706 661 1782 sum,
696 1715 750 1774 eui
774 1709 825 1774 vel
848 1715 996 1774 maxime
1018 1714 1214 1778 concedant

172 1824 312 1877 omnm,
331 1815 369 1867 ut
386 1804 437 1869 vel
455 1828 492 1870 ea
509 1808 709 1882 defendam,
731 1832 814 1894 quae
830 1808 1013 1901 Pompeius
1031 1814 1143 1891 velit,
1166 1814 1214 1881 vel

171 1919 318 1979 taceam,
351 1905 403 1970 vel
426 1915 547 1985 eiiam,
579 1911 614 1974 id
635 1910 725 1992 quod
748 1910 828 1975 mihi
851 1919 1000 1978 maxime
1021 1913 1147 1991 lubet,
1175 1916 1213 1981 ad

171 2006 284 2071 nostra
299 2027 353 2070 me
369 2004 475 2072 studia
490 2012 633 2074 referam
656 2011 846 2076 literarum:
869 2016 959 2098 qnod
980 2017 1151 2103 profecto
1172 2019 1212 2083 fa·

172 2113 277 2180 ciam,
316 2105 443 2175 simini
471 2135 533 2198 per
557 2113 709 2177 eiusdem
732 2121 910 2180 annuitiam
937 2117 1069 2183 licebit.
1120 2120 1212 2211 Quae

171 2213 259 2271 enim
275 2208 443 2297 propofita
458 2213 592 2278 fuerant
615 2218 733 2289 nobis,
754 2238 857 2299 quum
873 2231 906 2282 et
925 2217 1126 2289 honoribus
1151 2244 1211 2291 am·

552 2420 820 2438 Q

166 2547 473 2628 ediderunt‚·possea
490 2550 578 2606 unius
592 2548 657 2604 Gu-

164 2638 272 2696 lielnrii
308 2636 379 2695 cod.
425 2636 609 2692 auctoritate
639 2652 656 2691 a

167 2723 303 2781 Graevio
320 2717 541 2779 confirmarem.
575 2719 655 2774 Nem

166 2807 255 2885 quod
273 2806 432 2863 Manutius
457 2801 592 2882 negabat
611 2803 655 2856 di-

164 2893 265 2969 gm'tas
280 2889 308 2948 h.
325 2888 343 2948 l.
361 2903 468 2966 aptum
484 2883 560 2951 effe,
582 2891 656 2965 quin

164 2977 274 3034 Cicero
291 2974 403 3032 deinde
419 2971 499 3031 dicat
523 2974 653 3045 dignita·

164 3069 224 3115 iem
253 3060 432 3132 consularem
456 3092 498 3102 --
520 3057 654 3129 utmffam

164 3145 237 3219 effe,
266 3140 299 3203 ¹id
323 3157 537 3224 argumentum
563 3141 653 3200 focile

164 3228 306 3301 diluitur3
331 3228 414 3286 uliud
437 3232 517 3285 enirn
539 3225 581 3285 ei't
601 3248 650 3282 an·

163 3316 243 3388 tiqnn
259 3316 310 3370 illa
325 3315 483 3386 consularis
499 3315 631 3388 dignitas
638 3330 651 3378 ;

162 3398 246 3457 uliud
262 3418 332 3476 pers
349 3400 503 3477 <praedem
521 3401 652 3479 dignita·

162 3488 199 3542 tis
216 3503 296 3563 quae
317 3488 408 3540 etiem
430 3484 460 3540 in
479 3497 651 3541 cormonte·

160 3581 194 3628 to
216 3573 260 3627 rei
283 3567 427 3647 publicae
443 3566 519 3624 i'tern
542 3566 651 3624 servari

160 3668 191 3713 et
218 3667 361 3732 poterat,
398 3666 428 3710 et
456 3672 530 3709 vero
556 3655 648 3709 etium

159 3735 309 3805 debebam
331 3735 360 3794 h.
384 3757 410 3794 e.
439 3755 478 3794 no
498 3732 604 3794 frustra
631 3755 649 3795 tt

157 3817 648 3903 potentioribusditivnnremos·

158 3926 220 3987 que
248 3911 387 3966 inimicos
415 3920 532 3963 necrus.
552 3909 648 3986 magis

157 3996 266 4062 etiam,
302 3988 421 4050 fiboni
442 3989 558 4068 aliquid
583 3987 648 4048 effi-

156 4074 351 4145 coronella,
371 4074 584 4154 impediretur,

753 2547 928 2631 conformo]
982 2552 1035 2613 Sic
1087 2556 1211 2620 Munut.

715 2629 828 2692 Grnev.
852 2631 968 2693 Ernesti
991 2637 1133 2720 aliique,
1161 2664 1212 2705 eo·

714 2715 815 2776 dicum
839 2725 1024 2782 auctoritato
1054 2731 1123 2787 nixi
1149 2731 1212 2787 edi·

713 2802 834 2863 derunt.
882 2807 1036 2867 Victorius
1068 2828 1103 2870 et
1131 2814 1210 2873 Geb-

712 2883 826 2946 lntrdus
847 2887 1013 2948 lectionem
1041 2894 1209 2972 confirmo,

711 2972 743 3032 in
769 2992 828 3052 qun
857 2974 980 3052 plurimi
1010 2979 1111 3041 codd.
1137 3003 1210 3043 con·

709 3052 859 3128 sentiunt,
898 3058 981 3139 sequi
1005 3063 1210 3140 maluerunt,

711 3162 790 3220 quos
808 3163 906 3223 nuper
928 3149 1065 3206 imitatus
1092 3149 1137 3210 est
1154 3154 1211 3214 Be·

709 3227 858 3288 nedictus.
901 3228 1000 3288 Nobis
1015 3246 1127 3294 tumen
1143 3259 1208 3295 con·

701 3311 807 3378 forino
823 3317 920 3371 verius
936 3315 1076 3387 videtur,
1104 3340 1148 3382 ne
1163 3322 1208 3384 bit

707 3403 738 3456 in
769 3397 880 3455 eodem
906 3397 989 3457 versu
1017 3401 1107 3462 idem
1140 3428 1208 3468 ver·

709 3481 781 3538 bum
806 3498 955 3560 ponetur3
978 3503 1077 3564 quum
1102 3486 1207 3553 statim

708 3564 903 3643 praecederit
980 3569 1204 3641 confirmatum.

708 3652 871 3710 Praeterea
894 3653 931 3725 se
958 3652 1145 3722 confirmare
1167 3667 1207 3721 ad

705 3738 828 3791 alienius
843 3739 1026 3796 voluntatem
1041 3762 1161 3809 vereor
1171 3764 1207 3811 ut

706 3821 813 3878 Latine
833 3823 960 3881 dicetur.

746 3904 882 3988 honeste]
930 3927 1019 3984 cum,
1046 3911 1206 3999 dignitate

706 4006 736 4050 et
754 3988 885 4051 honore.
