2506 4808
154 337 225 411 324
428 320 717 391 eers'rona
774 322 935 389 errx.

132 527 154 590 5
261 510 317 578 De
339 509 475 598 epistola
494 509 638 584 Vatinii,
659 507 722 575 rifi.
766 506 843 574 Sed
866 533 931 575 me
958 514 1008 576 ab
1035 535 1081 578 eo
1103 521 1151 579 ita
1168 519 1212 581 ol>

163 615 289 681 servari
304 612 391 684 scio,
410 623 450 674 ut
469 616 542 675 eius
565 608 628 675 ilta
640 610 718 676 odia
732 631 803 675 nou
829 610 997 676 sorbeam
1016 612 1150 690 solum,
1169 615 1213 681 led

165 721 268 781 etiam
294 733 515 795 concoquam.

123 834 158 896 ,6
272 813 378 905 Quod
393 837 449 879 me
470 813 635 890 hortaris,
663 826 701 879 ut
721 812 910 879 absolvam:
945 812 1074 881 habeo
1100 816 1212 882 absolu·
1252 837 1253 842 ¹

165 933 240 984 tum
262 917 381 989 suave,
401 913 484 980 mihi
506 916 644 998 quidem
671 920 723 978 uti
747 915 900 988 videtur,
924 918 1010 991 ἔπος
1040 920 1088 982 ad
1111 920 1191 986 Cael
1202 957 1211 966 -

165 1040 256 1084 rem:
285 1015 343 1081 sed
362 1037 488 1100 quaero
511 1015 717 1104 locupletem
736 1014 978 1091 tabellarium,
1014 1042 1065 1083 ne
1091 1024 1210 1087 accidat

167 1118 258 1204 quod
278 1118 447 1203 Erigonae
472 1130 569 1182 tuae:
606 1123 662 1182 eui
691 1113 769 1190 loli,
802 1116 946 1183 Caesare
981 1126 1209 1210 imperatore,

165 1228 233 1287 iter
251 1241 294 1283 ex
309 1219 419 1283 Gallia
431 1231 544 1283 tutum
559 1240 629 1283 non
647 1216 724 1283 fuit.

136 1349 156 1409 7
273 1317 467 1407 **Quid?
495 1317 749 1382 ficacmentum
769 1319 897 1382 bonum
921 1344 1000 1386 non
1034 1323 1207 1402 haberem,

166 1422 346 1487 deturbem
362 1416 575 1484 aedificium?
596 1421 686 1504 quod
701 1420 835 1504 quidem
852 1423 1019 1503 quotidie
1045 1427 1138 1493 mihi
1156 1453 1206 1493 ma·

167 1529 217 1610 gis
234 1520 357 1607 plaeet3
378 1526 412 1583 in
428 1525 615 1608 primisque
628 1521 772 1586 inferior
787 1526 964 1607 porticum,
991 1539 1030 1589 et
1048 1535 1127 1596 eius
1144 1554 1207 1597 con-

168 1623 272 1687 clavia
285 1619 371 1686 fiunt
385 1635 490 1687 recte.
531 1621 759 1693 DeArcano,
779 1620 929 1689 Caesaris
946 1648 1046 1713 opus
1075 1612 1147 1708 est,
1165 1632 1206 1698 vel

165 1723 361 1791 mehercule
376 1729 476 1788 etiam
492 1721 710 1811 elegantioris
724 1720 873 1787 alicuius.
917 1726 1111 1816 imagines
1130 1740 1204 1798 enin

165 1826 266 1903 istae,
289 1837 324 1891 et
337 1824 517 1914 palaestra,
539 1838 573 1889 et
587 1823 729 1912 piscina,
751 1824 905 1898 etNilrrS,
929 1829 1137 1898 multorum
1146 1833 1204 1898 Plri-

164 1926 365 1995 lotimorum
382 1925 446 2001 eit,
466 1948 536 1991 non
549 1923 780 2015 Diphilorum.
826 1926 897 1990 Seu
914 1941 948 1992 et
966 1929 1034 2019 ipsa
1055 1955 1103 1998 ea
1119 1936 1204 1999 adibi-

166 2052 263 2105 muS,
281 2043 317 2094 et
334 2034 530 2100 mittemus,
551 2037 585 2090 et
603 2027 849 2091 mandabimus.

136 2162 157 2224 3
270 2129 325 2195 De
333 2128 452 2194 Felicis
468 2125 667 2193 testamento
681 2139 753 2193 turn
768 2135 873 2217 magis
888 2153 1057 2214 querare,
1084 2139 1108 2202 fi
1123 2139 1202 2205 scias.

164 2231 258 2323 Quas
277 2237 369 2296 enim
388 2229 518 2295 tabulas
540 2229 574 2293 le
595 2235 726 2318 putavit
742 2227 936 2317 obfignare,
959 2241 1001 2301 in
1021 2244 1154 2323 quibus
1172 2244 1202 2307 de

163 2338 273 2399 unciis
296 2329 514 2399 firmilianum
532 2342 706 2405 tenuerat,
731 2330 863 2419 (lapitas
888 2335 936 2397 elt
957 2360 1028 2423 per
1055 2367 1202 2409 errorem

165 2446 200 2498 et
219 2431 331 2508 suum,
354 2445 388 2496 et
410 2429 572 2498 Sicurrae
599 2430 703 2514 servi)
730 2429 1022 2521 non-ohfignavit:
1047 2464 1139 2526 quas
1156 2468 1201 2510 nu

162 2532 243 2610 luit,
273 2556 329 2602 eas
357 2531 552 2623 obfignavit.
620 2529 692 2603 ἄλλ’
719 2533 890 2618 claustra:
926 2558 999 2604 nos
1026 2547 1142 2611 modo
1162 2566 1203 2610 ra·

164 2633 306 2702 leamus.
575 2626 578 2634 ¹

202 2847 234 2907 5.
256 2834 312 2913 ista
340 2830 434 2917 odia]
470 2830 647 2913 dequibus
744 2829 883 2916 Arcano]
906 2834 1023 2914 Quinti
1042 2843 1203 2909 sandolo

160 2914 203 2977 ad
225 2939 277 2978 me
303 2915 417 2978 scribis.
460 2917 541 2998 Quia
562 2918 649 2976 Vati·
705 2920 928 2998 quoep.156.

160 3005 248 3074 niue,
270 3003 364 3063 literis
386 3003 489 3064 Roma
511 3003 552 3062 ad
570 3003 648 3061 Cae·
750 2998 883 3076 Caesaris
908 3003 1007 3088 opus]
1032 3017 1202 3081 maximum

160 3082 261 3147 sarem
286 3084 397 3158 millis,
429 3107 647 3168 quaecumque
704 3085 862 3162 videlicet;
906 3091 1083 3170 magnifica
1129 3105 1201 3159 enim

161 3169 279 3232 diceret
298 3188 441 3254 egeretve
454 3173 565 3232 Cicero
581 3187 648 3230 tan·
705 3168 839 3231 Caesaris
850 3192 1078 3252 monumenta,
1098 3188 1154 3263 qui
1161 3185 1202 3245 so·

161 3274 257 3337 quem
290 3257 471 3337 explorator
502 3253 648 3340 fignifica-
704 3276 772 3314 rum
791 3276 891 3335 usque
906 3257 947 3315 ad
962 3266 1088 3323 atrium
1104 3269 1201 3329 Liber·

160 3335 225 3401 bat.
269 3341 314 3400 Ex
333 3361 398 3421 quo
420 3340 556 3421 Quintus
584 3340 648 3400 lite·
704 3344 782 3412 tatia,
802 3339 975 3418 explicam
1017 3345 1146 3413 deiude
1176 3357 1202 3411 in

160 3428 249 3485 risile
264 3424 405 3506 inspectis
418 3426 548 3485 deodio
568 3425 647 3485 illius
704 3445 817 3503 campo
831 3427 944 3491 Martio
963 3425 1056 3507 septa
1078 3452 1113 3499 et
1129 3452 1203 3498 tecta

146 3511 192 3571 in
206 3511 349 3570 Marcum
365 3514 506 3570 coniecit.
527 3506 647 3571 Manat.
702 3528 881 3569 maranoree
907 3511 1016 3572 fecere
1043 3525 1202 3603 cogitave-

143 3652 149 3671 ·.
203 3595 233 3655 6.
263 3590 460 3676 locupletem]
483 3599 503 3654 i.
520 3615 547 3656 e.
577 3597 648 3655 ido·
704 3599 755 3659 rit,
779 3609 813 3652 ut
829 3592 872 3653 est
889 3615 937 3674 ep.
952 3595 1013 3660 Ν.
1034 3621 1091 3684 ¹7⁶
1123 3605 1202 3683 (hui.

159 3695 271 3749 neum,
308 3696 478 3749 attentum,
506 3677 647 3756 fidelem,
705 3681 755 3741 ed.
774 3679 865 3754 156.)
908 3676 1033 3744 Manu.

143 3768 209 3823 -eui
228 3764 307 3824 liber
320 3779 405 3824 recte
423 3765 506 3824 credi
520 3760 623 3844 poffit.
744 3775 774 3835 8.
797 3766 834 3820 de
856 3762 972 3847 unciis]
1004 3770 1081 3844 offis
1105 3780 1203 3837 nomi-

146 3900 149 3905 .
203 3869 231 3928 7.
253 3850 342 3931 quid
372 3847 423 3930 fi]
461 3865 534 3909 ente
570 3846 647 3907 haec
701 3845 1202 3930 netotefignificaturhereditaa.

144 3931 252 3996 -verba
278 3934 433 4014 quaedem
461 3927 646 3994 intercidille
691 3932 744 3990 as
765 3937 819 4013 qui
845 3948 877 3992 et
895 3932 993 4007 libra,
1030 3942 1203 4007 duodecim

157 4016 351 4079 manifestum
371 4017 423 4082 est.
465 4012 563 4089 Senfit
583 4021 648 4079 iem
702 4022 737 4078 in
764 4031 886 4096 parter,
935 4039 1024 4098 quae
1053 4027 1203 4099 dicuntur
1252 4051 1253 4094 l

157 4099 233 4162 olim
246 4104 418 4167 Manutius.
526 4134 530 4143 =
689 4106 833 4195 Muciae»
859 4102 1023 4173 dividitur.
1048 4113 1203 4182 ,Duode-
1252 4101 1253 4124 ¹
