2506 4808
131 326 198 395 308
420 306 701 379 arrsrota
752 308 875 417 arr.¹

104 508 126 579 4
214 500 253 563 In
270 496 384 563 senatu
399 520 470 561 rani
484 498 595 586 probe
613 496 728 563 scribis
743 510 865 563 actam.
911 494 990 565 Sed
1008 500 1089 585 quid
1107 502 1159 571 Cu»

135 599 212 666 rio?
239 620 279 663 an
299 596 388 663 illam
403 605 599 663 orationem·
610 622 679 663 non
696 596 806 685 legit?
829 620 916 684 quae
931 600 1031 667 unde
1046 602 1084 669 fit
1093 628 1155 693 pra

134 704 221 776 lata,
256 700 375 767 nel'eio.
428 699 500 765 Sed
523 698 656 773 Axius,
683 702 838 763 eiusdem
860 700 929 766 diei
953 702 1105 773 scriberis
1120 706 1151 773 ad

14 872 18 879 ,
135 816 297 876 rpraeta,
323 822 394 864 non
411 804 459 863 ita
471 799 583 864 laudat
599 800 797 865 Curionem.
841 800 894 867 At
910 810 1029 891 potuit
1039 806 1094 873 isse
1109 808 1146 875 rt

135 905 215 989 quiri
242 908 536 991 praetermittere:
579 915 635 975 tu,
671 899 728 965 nisi
761 902 851 987 quod
880 918 974 979 erat,
1012 910 1141 996 prohat

134 1028 203 1071 non
230 1001 389 1091 scripsisti.
457 1002 623 1067 Varronis
644 1000 754 1067 serino
773 1004 855 1069 facit
878 1005 1138 1095 exspectatione!

132 1104 304 1171 Caesaris:
334 1118 434 1189 atqua
458 1109 586 1167 utinam
611 1101 678 1189 ipse
700 1103 813 1169 Varro
834 1110 1016 1175 incumbat
1035 1117 1068 1178 in
1087 1132 1136 1177 car

135 1200 218 1270 fam!
244 1205 333 1287 quod
348 1204 505 1294 profecto
527 1224 632 1285 quum
656 1204 712 1268 sua
733 1204 870 1295 sponte,
890 1220 967 1275 tum
988 1214 1133 1281 territa

133 1322 170 1373 te
192 1309 306 1373 faciet.

107 1430 127 1495 5
222 1408 314 1495 Ego,
337 1402 357 1468 si
379 1426 433 1467 me
448 1402 627 1485 aliquando
644 1403 795 1471 vestrior
816 1416 947 1497 patriae
970 1426 1130 1505 compota

132 1510 272 1575 fortuna
300 1508 439 1579 fecerit,
476 1518 568 1570 certe
598 1502 761 1581 efficiam,
796 1520 834 1573 ut
863 1517 1012 1581 maxime
1037 1516 1130 1583 laetati

133 1628 224 1675 unus
248 1630 291 1672 ex
314 1611 472 1672 omnibus
498 1612 633 1690 amicis3
664 1628 805 1691 meaque
829 1606 961 1687 officia,
996 1614 1063 1683 eti

134 1731 218 1795 quae
239 1730 358 1797 parurn
383 1723 480 1773 antea
500 1708 680 1784 luxerunt,
708 1709 904 1791 (fatendum
921 1714 971 1779 est
986 1710 1130 1803 οιιὶιπΝΙ

135 1813 307 1897 exsequar,
323 1824 360 1877 ut
374 1833 428 1875 me
446 1832 552 1895 aeque
567 1812 640 1882 tibi,
658 1832 696 1873 ac
711 1810 822 1884 fratri,
846 1824 883 1875 et
894 1812 1013 1884 liberis
1027 1818 1129 1895 nostris

133 1916 326 1983 restitutum
349 1926 460 1999 putes.
519 1910 557 1978 Si
581 1912 664 1996 quid
686 1918 723 1976 in
744 1922 778 1975 te
800 1922 962 1997 peccavi,
989 1906 1135 2009 repotia

136 2023 295 2103 quoniam
310 2018 466 2102 peccavi,
486 2012 632 2101 ignosce.
676 2012 716 2077 ln
737 2032 791 2075 me
807 2018 901 2078 enim
923 2018 1033 2107 ipsum
1046 2040 1129 2113 perta

134 2127 168 2185 vi
181 2116 429 2185 vehementius.
472 2114 591 2197 Neque
615 2112 698 2179 haec
721 2136 761 2177 eo
784 2112 913 2192 scribo,
942 2142 1012 2205 quo
1033 2140 1063 2189 te
1080 2144 1128 2191 aar

133 2240 212 2285 meo
226 2215 301 2283 casu
313 2221 459 2279 maximo
478 2214 596 2280 dolore
612 2217 676 2281 esse
692 2216 858 2281 affectum
876 2216 993 2287 sciam:
1015 2224 1066 2291 sad
1074 2244 1128 2315 pro·
1162 2270 1169 2291 -.

133 2321 245 2396 fectoi
272 2318 312 2392 fi,
336 2330 498 2403 quantum
515 2337 569 2380 me
585 2338 675 2383 amas
692 2333 726 2382 et
740 2318 871 2395 amasti,
894 2334 1030 2392 tantum
1048 2322 1127 2393 tam

511 2552 782 2572 Ἣ

127 2713 172 2776 fio
195 2712 287 2773 secuti
303 2708 378 2771 suna
418 2709 496 2770 Item
511 2715 617 2785 proba·
672 2718 865 2775 mentionem
896 2717 1020 2785 iaciunt
1041 2724 1093 2807 Q‘

130 2797 403 2875 tiCrat.Hervag.
429 2792 554 2871 Ernesti,
671 2796 782 2869 lianua,
800 2802 837 2860 V.
861 2823 905 2861 ro.
924 2826 987 2885 9²··
1028 2810 1055 2869 N
1092 2810 1127 2839 ’-

163 2886 219 2959 sed
243 2882 313 2954 quid
339 2876 446 2962 Curio]
500 2882 616 2955 Placet,
671 2904 703 2964 p.
725 2886 797 2963 465.
821 2882 1007 2955 Rufinianus
1023 2894 1053 2963 L.
1081 2884 1127 2953 ib

128 2984 164 3028 ut
180 2968 220 3025 de
237 2968 375 3024 Curione
398 2981 488 3044 patre
508 2974 614 3046 potius
671 2980 732 3030 aut.
1115 2982 1121 3001 ¹

129 3056 316 3129 accipiatur,
350 3070 444 3131 quam
468 3051 510 3109 de
531 3052 613 3127 51103
710 3054 1028 3147 4illamorationem]
1047 3062 1127 3145 doqfl

127 3152 242 3217 utpote
263 3140 348 3195 cuius
366 3134 545 3195 i'entenriam
560 3158 614 3197 au·
670 3135 760 3218 supra
781 3159 830 3217 ep.
846 3140 896 3201 66.

128 3227 369 3301 ctoritatemque
386 3225 416 3280 in
429 3220 613 3304 stnaiuplu·
711 3244 768 3279 nan
793 3224 914 3309 legit?]
947 3220 1127 3313 nampoqffl

125 3311 166 3367 rit
200 3308 311 3366 Cicero
336 3305 450 3366 debeat
476 3304 613 3365 aestima·
669 3307 755 3365 iilam
771 3309 851 3369 bene
872 3312 913 3371 de
935 3312 1127 3377 Cicerone&

125 3412 169 3451 re.
216 3393 398 3460 Praeterea,
438 3411 536 3471 quum
566 3390 614 3450 lo·
669 3390 741 3451 xiiio
757 3391 914 3473 scripserat
930 3402 1061 3461 Atticur-

126 3474 614 3557 quiturCicerodesilio,senrper
713 3488 746 3533 at
763 3477 886 3561 patuit]
921 3482 995 3545 Hoc
1010 3484 1129 3563 dedipro
1164 3490 1169 3495 '

125 3561 242 3641 aliquid
268 3568 417 3639 apponit,
459 3575 492 3619 ut
516 3580 614 3640 quum
670 3561 752 3644 vulg.
769 3574 802 3619 at
813 3567 926 3640 potest,
962 3568 1051 3631 Vidit
1063 3572 1131 3631 etin

123 3650 195 3705 dicit
205 3648 301 3706 Curio
316 3644 494 3705 adolescens
504 3654 614 3722 opdpi.
670 3645 1131 3733 Ernestinsautpotuitffiutprn·

127 3727 221 3791 Curio
241 3750 329 3789 meus
351 3752 400 3807 ep.
417 3731 467 3802 36.
514 3730 611 3788 Curio
669 3733 820 3808 termisijj'e
833 3732 1018 3817 legendum.

121 3815 330 3895 iiliusop.45.
356 3814 611 3892 Deprtrequum
710 3832 740 3889 5.
772 3821 951 3905 arpotius]
1005 3820 1169 3887 Emast'n·

121 3899 280 3983 loquitur,
321 3897 396 3957 nihil
418 3894 560 3955 adscribit
575 3913 610 3959 ut
666 3906 791 3962 coniicit
804 3913 856 3960 aut
867 3909 971 3978 patius
1002 3900 1148 3973 uodiid'

122 4006 172 4064 ep.
196 4006 241 4065 ¹9·
286 3984 335 4041 De
349 3980 408 4039 hac
423 3985 608 4043 orationein
661 3930 1035 4066 ihioanopusnonirt.

112 4070 293 4130 curionem
308 4062 396 4125 timui
413 4064 607 4127 etC10dium
696 4072 791 4145 si·-
813 4076 983 4161 debuiffes]
1044 4084 1142 4147 Mirm
