2506 4808
326 291 658 372 --nnistotn
699 289 832 371 xxii.
1076 326 1122 399 ω

83 564 85 569 .
123 500 263 572 metm,
290 492 413 565 subesse
433 488 546 560 nescio
567 494 647 580 quid
672 500 843 586 opinionis
863 486 1117 581 incommodae,

83 596 86 667 Ῐ
125 602 302 687 sauciumque
338 605 410 666 eius
451 603 603 664 animum
643 597 795 664 insedisse
831 601 994 683 quasdam
1027 605 1120 671 odio·

83 674 88 727 Ι
124 704 371 793 sansuspiciones:
397 703 521 786 quibus
541 722 605 790 ego
622 700 753 765 mederi
769 722 872 785 quum
889 724 1048 793 cuperem
1066 728 1122 773 an·

123 818 161 872 tea
177 805 278 896 saepe,
302 819 337 870 et
351 802 587 872 vehementius
611 807 710 866 etiam
722 803 798 891 post
819 804 1029 872 sortitionem
1045 830 1122 896 pro·

123 915 236 983 vinciae,
267 930 334 974 nec
356 919 488 970 tantum
508 903 740 993 intelligebam
763 909 794 969 ei
817 904 883 970 esse
907 907 1122 986 offenfionts,

123 1023 254 1094 quantum
274 1009 394 1076 literae
417 1023 494 1076 tuae
517 1006 707 1082 declarant,
730 1027 795 1071 nec
815 1020 949 1073 tantum
970 1008 1123 1099 prolicie-

123 1113 182 1186 ban,
200 1124 364 1196 quantum
379 1111 546 1179 volebam.
590 1106 661 1174 Sed
678 1121 793 1173 tamen
808 1108 876 1175 hoc
891 1133 946 1176 me
959 1110 1029 1200 ipse
1045 1135 1124 1180 con·

123 1212 235 1290 solabar,
257 1214 349 1299 quod
364 1236 436 1278 non
451 1212 661 1284 dubitabam,
684 1214 764 1294 quin
779 1224 814 1276 te
828 1212 884 1277 ille
902 1224 959 1280 aut
973 1214 1125 1309 Dyrrha·

123 1312 180 1392 cli,
206 1328 262 1382 aut
292 1321 328 1380 in
353 1315 425 1381 istis
454 1314 541 1379 locis
565 1318 697 1400 uspiam
718 1312 848 1379 visurus
873 1313 964 1381 esset.
1021 1316 1125 1409 Quo'd

119 1418 198 1503 sqnnm
211 1416 393 1492 accidisset,
413 1414 644 1490 confidebam,
666 1436 704 1479 ac
715 1413 799 1481 mibi
808 1414 1028 1504 persuaseram
1039 1420 1126 1498 fore,

124 1532 149 1584 nt
165 1526 268 1586 omnia
289 1519 507 1609 placarentur
528 1525 620 1583 inter
640 1538 701 1584 vos
724 1538 795 1582 non
820 1519 925 1584 modo
955 1518 1134 1598 sermone,

127 1621 397 1712 ccdisputatione,
422 1621 476 1686 sed
493 1606 675 1707 conspectu
698 1617 786 1707 ipso,
809 1620 1052 1709 congressuque
1073 1644 1127 1690 ve·

127 1720 180 1789 stu.
217 1725 325 1798 Nam,
345 1737 469 1807 quanta
486 1720 524 1787 fit
545 1729 581 1787 in
598 1711 728 1813 Quinto
751 1720 854 1787 sratre
870 1741 948 1788 meo
963 1733 1127 1803 comitas,

130 1812 219 1909 qdmta
238 1825 453 1900 iucunditas,
488 1846 589 1909 quam
611 1821 725 1888 mollis
755 1828 886 1888 animus
916 1838 951 1889 et
976 1827 1017 1891 ad
1042 1832 1128 1893 acci·

130 1926 269 2013 pendam,
296 1928 393 1992 etad
421 1925 658 2016 deponendam
679 1922 920 2000 offensionem,
950 1925 1035 1993 nihil
1056 1934 1129 1994 atti·

131 2040 172 2093 net
180 2050 226 2093 me
241 2028 284 2093 ad
298 2042 353 2103 te,
377 2034 433 2114 qui
450 2048 489 2093 ea
503 2026 608 2101 nosti,
629 2025 784 2091 scribere.
830 2028 900 2093 Sed
919 2030 1041 2094 accidit
1056 2052 1132 2118 per-

133 2132 333 2205 incommode,
356 2130 447 2214 quod
469 2153 546 2197 eum
566 2149 733 2213 nusquam
746 2126 867 2194 vidisti.
909 2128 1023 2195 Valnit
1037 2137 1150 2196 enim'

135 2234 204 2323 plns,
217 2234 306 2322 quod
320 2243 392 2297 erat
409 2230 457 2297 illi
476 2228 719 2297 nonnullorum
736 2228 887 2297 aitificiis
904 2233 1130 2311 inculcatum,

138 2356 209 2420 quam
226 2348 280 2402 tut
301 2330 472 2408 officium,
495 2345 552 2398 aut
573 2328 799 2406 necesitudo,
824 2343 882 2398 aut
907 2355 1004 2401 amor
1022 2338 1131 2405 vester

139 2435 177 2500 illc
191 2438 356 2525 pdstinus,
399 2440 455 2517 qui
483 2432 666 2522 plurimum
689 2432 800 2499 valere
824 2434 952 2500 debuit.
1014 2435 1131 2522 Atque

141 2533 210 2603 buius
229 2537 436 2603 incommodi
460 2534 559 2622 culpa
582 2537 639 2598 ubi
659 2532 818 2610 resideat,
839 2526 970 2603 facilius
997 2538 1131 2627 possum

144 2637 308 2713 existimare,
338 2659 439 2722 quam
462 2634 618 2699 scribere.
662 2635 796 2700 Vereor
819 2645 926 2712 enim,
958 2661 1019 2713 ne,
1049 2640 1132 2706 dum

144 2734 280 2806 delendam
300 2761 416 2814 meoS,
436 2760 506 2802 non
526 2759 662 2823 parcam
681 2742 762 2800 tuis.
803 2737 890 2802 Nam
906 2738 948 2803 lic
963 2741 1132 2831 intelligo:

83 2838 86 2845 ’
144 2842 240 2909 ntnihil
253 2867 270 2909 a
284 2839 478 2908 domesticis
496 2839 643 2905 vulneris
661 2837 788 2902 sactum
805 2840 859 2912 lit,
882 2840 963 2905 illud
985 2843 1135 2925 quidem,

83 2970 87 2977 ’
144 2944 298 3021 quoderat,
317 2964 378 3008 eos
396 2954 489 3006 certe
511 2940 624 3003 sanare
639 2939 794 3026 potuisse.
839 2940 910 3007 Sed
926 2941 1067 3010 huiusce
1084 2953 1135 3013 rei

482 3107 754 3124 m*-

83 3241 90 3249 -
163 3200 239 3282 Epist
256 3202 357 3264 XXII.
397 3223 422 3264 ι.
443 3202 590 3277 sancium·
690 3194 794 3279 aneos]
845 3218 951 3260 meum
996 3202 1135 3275 snutrein,

136 3305 171 3365 με
195 3291 250 3347 eius
277 3294 410 3348 audinum
437 3282 592 3367 insedisse]
651 3275 779 3342 Corrad.

130 3374 166 3433 sic
182 3390 303 3434 auctore
325 3370 465 3432 Ernestio
488 3373 592 3431 rescri-
692 3365 771 3451 tuis]
809 3368 1014 3451 Pomponiae.
1062 3369 1135 3434 Cot·-

124 3458 166 3541 pln
186 3459 286 3542 Vulgo
302 3465 404 3518 minus
424 3465 592 3517 concinne:
649 3458 716 3512 rad.

114 3548 288 3625 sauciumque
308 3548 370 3602 eius
390 3545 541 3612 anicetum
564 3551 594 3600 et
693 3561 712 3594 a
742 3538 932 3623 dotnestc'cis]
976 3563 992 3602 a
1026 3541 1139 3605 sorore

117 3632 246 3708 insediſj'e.
266 3666 298 3679 ·-
651 3637 724 3695 iun,
760 3645 843 3702 quae
866 3647 963 3706 quum
985 3649 1065 3690 uxor
1090 3629 1137 3689 fit.

145 3719 255 3792 visurus
270 3711 356 3796 esset]
372 3709 508 3772 inAstam
518 3732 594 3792 pro·
652 3708 692 3787 Q.
729 3709 830 3768 fratris
877 3718 1012 3772 animum
1055 3713 1137 3774 illinc

112 3802 248 3865 ficiscene.
301 3793 430 3857 Corrad.
650 3794 807 3853 iracundia
824 3814 1016 3856 commotum
1032 3795 1139 3858 sedare

146 3880 340 3965 necessitudo]
362 3881 595 3962 proptenPom·
650 3879 771 3959 tibique
797 3879 956 3941 restituere
980 3898 1011 3941 et
1032 3888 1139 3963 potuit

106 3966 593 4057 poniumnscitmoicilororem,
651 3979 684 4024 et
698 3964 815 4024 debuit.
843 3963 964 4025 Manet.

105 4060 215 4142 Quinti
237 4059 414 4137 coniugem.
