2506 4808
347 305 630 379 EPISTOLA
686 311 821 380 CXII.
1032 332 1096 399 toz

67 518 169 583 quam
183 502 232 563 mi
244 493 376 589 sittybis
391 497 496 563 libros
511 498 729 564 illustrarunt.
772 498 880 565 Valde
895 500 1007 569 uelim'
1017 499 1098 572 scri‘

68 605 129 667 bas
151 601 193 664 ad
215 623 270 664 mo
288 600 330 663 de
354 599 618 686 gladiatoribuS‚
638 599 693 664 sed
717 608 780 677 itu,
799 604 887 669 bene
909 601 932 669 si
951 626 1025 672 retu
1039 629 1097 695 ge·

67 715 165 769 runt:
186 723 256 766 non
272 721 398 783 quaero
413 699 500 767 mele
522 698 544 764 si
566 701 599 767 se
613 700 749 791 gessere.

157 892 439 968 EPISTOLA
475 897 600 968 cxii.
640 890 719 983 (ad
743 893 845 970 Div.
878 898 926 982 V.
953 897 1005 986 5.)
1091 944 1094 949 -

286 1061 408 1139 scripte
428 1061 461 1119 in
474 1055 617 1140 Hispania
638 1060 676 1126 A,
690 1060 728 1121 U.
744 1060 779 1122 C.
800 1062 873 1144 697.

68 1206 186 1272 Fratris
207 1213 397 1270 contumelias
416 1186 436 1270 e
446 1213 482 1286 se
499 1214 608 1287 despici
629 1222 659 1270 et
677 1209 832 1273 Ciceronis
846 1215 960 1286 officiis
979 1220 1090 1295 leniri,

110 1337 144 1385 ac
157 1317 196 1373 de
208 1315 270 1390 suis
284 1317 366 1372 rebus
381 1315 421 1371 ad
431 1309 559 1371 Lollium
572 1314 717 1390 scripfiffa
726 1312 890 1393 sigificat.

148 1493 193 1586 o.
227 1494 528 1563 METELLUS
567 1495 677 1561 nnn.
722 1495 828 1564 so.
873 1499 923 1567 Μ.
963 1503 1012 1569 r.

441 1597 722 1664 ciceroni·

170 1749 329 1818 Hominis
364 1747 636 1838 importunissimi
670 1734 925 1832 contumeliae,
967 1750 1119 1842 quibus

70 1855 199 1917 crebris
222 1853 442 1917 concionibus
464 1868 518 1914 me
541 1862 678 1925 onerat,
699 1860 766 1916 tuis
792 1877 871 1943 erga
894 1880 948 1921 me
967 1854 1089 1922 officiis
1220 1904 1233 1931 .

67 1950 257 2018 leniuntur:
288 1965 339 2026 et,
364 1964 402 2016 ut
425 1951 501 2016 sunt
519 1951 610 2019 leves
631 1954 671 2017 ab
694 1955 861 2040 eiusmodi
885 1955 1043 2032 homine,
1071 1977 1092 2022 a

444 2127 719 2144 *m

111 2221 199 2277 valde
215 2221 304 2277 velim
313 2220 477 2294 scribasad
493 2215 556 2300 rue]
610 2219 740 2281 Annuit.
777 2219 819 2280 ad
843 2220 906 2284 Cic.
938 2217 1022 2301 Epp.
1059 2224 1096 2300 Ρ.

69 2303 176 2386 Vulgo
205 2304 356 2364 edebatur
389 2306 475 2360 ualde
502 2303 554 2378 est.
615 2313 682 2380 141.

72 2384 186 2446 Scribas
212 2393 252 2447 ad
279 2411 335 2447 mc.
371 2389 557 2449 Lambinus:
649 2389 752 2464 petibus
776 2407 823 2444 me
850 2386 975 2469 onerat]
1019 2383 1096 2446 clo-

72 2477 160 2535 oaldc
198 2486 230 2532 ut
271 2476 383 2551 scribas
425 2476 466 2529 ad
508 2493 555 2529 me
612 2472 697 2544 diua,
716 2475 748 2530 in
757 2470 921 2531 Metellum
938 2473 1097 2550 Nepotem

70 2560 168 2620 veiim.
610 2556 823 2627 invehebatur,
839 2576 937 2635 riuum
947 2555 1023 2616 alias
1035 2555 1099 2615 sor·

72 2686 75 2691 -
111 2648 148 2701 de
164 2641 401 2724 gladiatoribus]
425 2641 556 2702 Videtur
612 2639 687 2703 teile
707 2640 750 2701 ob
773 2639 895 2712 caussa,
914 2655 981 2701 tum
1008 2639 1100 2722 queri

72 2729 188 2790 Atticus
195 2727 469 2810 gladiatoseasuos,
477 2747 557 2806 quo·
612 2729 808 2786 inimicitiam.
820 2745 895 2810 erge
914 2727 1101 2788 Ciceronem

71 2834 141 2874 rum
162 2813 271 2873 ludum
291 2815 450 2871 coesnerat
462 2811 557 2871 aedili
614 2809 809 2888 deposuerat.
883 2809 1099 2872 Contumelias

72 2898 197 2958 cuidam
222 2898 263 2957 ad
286 2896 409 2956 edenda
428 2915 558 2956 munera
613 2897 772 2955 Manutiua
808 2899 1030 2974 interpretatur
1065 2900 1103 2958 iu

72 2979 197 3044 locasse.
615 2981 798 3040 Ciceronem
848 2983 1102 3053 coniecturum

113 3063 206 3146 Epist.
222 3064 316 3126 CXli.
360 3066 484 3122 botninis
504 3067 557 3122 im-
614 3063 760 3126 Metellus
778 3065 860 3124 dicet
880 3061 936 3124 fibi
956 3061 1102 3126 molestas

73 3149 293 3231 portuniffimi]
341 3151 416 3209 Non
447 3148 557 3209 dubito
616 3145 677 3210 elie
690 3149 767 3216 illes,
790 3148 878 3228 quod
892 3146 923 3209 se
936 3149 1102 3231 impuden-

76 3241 152 3320 quin
183 3238 216 3294 P.
247 3233 393 3293 Clodium
431 3233 558 3312 fratrem
615 3240 678 3293 tiae
698 3233 797 3293 iratris
813 3234 941 3312 pudeat.
983 3236 1105 3295 verum

74 3320 294 3383 consobrinum
321 3317 478 3400 designet,
499 3337 562 3398 qua
616 3316 640 3378 sr
676 3317 739 3378 boc
761 3317 907 3378 Metellus
942 3315 1104 3394 uoluisset,

73 3411 107 3466 in
136 3404 283 3466 sententia
307 3403 432 3462 suerunt
453 3403 565 3461 Manu·
619 3404 723 3465 dicere
734 3420 801 3462 nou
812 3417 938 3481 poterat
952 3403 1068 3465 iberoo

75 3495 152 3559 thia,
174 3485 325 3549 Ernel'tiua
338 3487 462 3566 aliique.
485 3488 562 3546 Peu-
619 3486 1038 3551 tumelies'ieniriiCiceronia
1053 3508 1078 3550 ο
1100 3500 1103 3505 “

75 3573 175 3634 lulum
223 3592 325 3651 nuper
372 3570 565 3632 addubitauit
619 3571 705 3634 ficiis.
745 3572 913 3650 Nem-quo
935 3567 1106 3637 offioosior

75 3658 387 3740 Mossyni-Legunt,
411 3660 461 3716 cui
479 3659 566 3739 cogi:
618 3661 818 3718 iu--eumerat
832 3657 964 3739 Cicerm
979 3677 1022 3718 eo
1036 3666 1107 3719 suoi

76 3745 208 3807 tandum
237 3747 345 3820 potius.
374 3741 496 3800 videtur
524 3741 566 3801 de
620 3739 757 3803 iustiorea
773 3737 834 3801 esse
848 3739 1109 3820 oportebat-eoa,

78 3829 132 3889 illo
146 3827 278 3887 Meteilo
304 3846 397 3906 quem
410 3835 486 3886 'cum
502 3826 568 3902 Ap·-
619 3823 773 3901 rumesiae,
789 3822 901 3906 quibua
913 3824 1009 3885 irater
1020 3824 1109 3899 illusa

77 3917 134 3994 pio
157 3929 190 3974 et
203 3911 317 3972 Clodio
341 3914 498 3971 coniunxit
517 3911 568 3982 Ci·
622 3909 794 3969 onerabat..
824 3909 909 3990 Ergo
932 3909 977 3969 ¹tia
999 3919 1111 3972 comui·

81 4019 154 4058 cero
174 4018 224 4072 ep.
240 4008 291 4074 89.
310 3996 365 4072 (ad
377 3998 438 4056 Att.
455 3995 566 4072 lvio)
618 3995 720 4055 meliis
735 4038 739 4055 2
755 3999 795 4055 iu.
813 3992 978 4056 Metellum
1009 3992 1110 4076 ipsum
1195 4053 1198 4058 .

80 4074 392 4161 stimulentorptn
402 4077 570 4145 ..vileriis
624 4078 913 4161 amipieuduut-u·
961 4112 1001 4169 up
1029 4118 1054 4147 ..
1078 4110 1105 4147 ‚n
