2506 4808
131 104 208 219 'p
365 120 649 194 nerstein
690 124 806 192 xxr.
850 126 987 193 xxn.

124 350 135 372 .·
163 297 306 419 ornatib
324 316 405 397 'qua
437 312 634 399 forvenum
672 327 707 378 et
727 335 810 399 quae
831 320 1008 401 poemata,
1044 318 1192 399 quaeque

162 416 320 482 historiis
342 415 385 479 de
405 416 577 501 Annium,
608 414 733 490 habes,
768 414 884 480 adme
910 419 1039 479 mittas.
1084 414 1196 485 Lubet

162 517 248 585 mihi
276 517 387 581 facere
415 522 450 581 in
475 517 647 604 Arpinati.
690 520 765 607 Ego
792 521 855 584 tibi
885 516 1011 603 aliquid
1035 516 1079 583 de
1107 524 1190 587 mein

119 652 127 679 ι·
163 620 296 717 scriptis
320 624 465 687 mittam·
509 619 603 689 Nihil
629 634 702 688 erat
725 619 878 689 absoluti.

171 862 180 881 ·.
264 814 545 887 EPISTOLA
597 816 724 888 xxii.
798 818 1092 911 (Att.Lr7.)

326 982 390 1043 Ser.
399 978 523 1043 Romae
531 981 566 1043 A.
574 981 612 1043 U.
624 981 659 1042 C.
675 981 748 1063 692.
762 985 854 1043 nonin
863 979 1030 1044 Decembr.

104 1162 113 1174 ·
166 1132 273 1203 Scribit
285 1135 320 1213 se
338 1135 458 1210 summa
479 1136 614 1212 molestia
634 1132 797 1211 affectum,
817 1154 909 1215 quum
924 1155 964 1193 ex
981 1131 1078 1193 Attici
1098 1134 1205 1205 tinne,

205 1248 353 1300 mundum
375 1236 482 1318 Quinti
507 1235 622 1307 fratris
650 1258 724 1314 erga
748 1238 832 1294 illum
850 1257 1032 1315 grauemque
1055 1234 1197 1315 offensiu-

206 1361 273 1400 nem
287 1344 480 1417 cognouerit,
494 1341 619 1413 sperare
641 1350 741 1397 tamen
763 1341 795 1397 id
814 1340 926 1399 malum
941 1342 1083 1416 sanatum
1098 1342 1145 1403 iri.
1163 1360 1194 1405 t.

207 1437 327 1499 Deinde
344 1443 430 1497 docet
445 1442 503 1516 fibi
520 1439 613 1500 Attici
628 1442 842 1523 ingenuitatem
858 1450 887 1497 et
907 1442 1001 1499 animi
1018 1442 1200 1521 magnitudi-

206 1564 274 1603 nem
288 1544 365 1619 satis
384 1544 439 1618 effe
458 1545 657 1619 perspectam,
679 1546 802 1620 ideoque
821 1543 856 1618 se
871 1564 927 1599 non
945 1544 1081 1602 dubitare
1100 1540 1197 1619 fore,

206 1657 240 1707 ut
263 1646 397 1704 amicitia
419 1666 492 1722 quae
508 1647 567 1721 sibi
588 1667 654 1705 cum
669 1644 767 1705 Attico
782 1646 997 1719 intercedebat,
1019 1648 1115 1704 adhuc
1126 1648 1200 1721 suu·

207 1750 331 1825 ctiffi'me
352 1748 539 1823 conseruata,
564 1750 595 1807 in
614 1749 764 1825 posterum
786 1767 897 1823 quoque
915 1748 1093 1825 religionem
1104 1738 1207 1826 'sunm

174 1870 178 1897 ³
209 1854 347 1912 obtinent.
371 1869 398 1911 2.
445 1842 582 1926 Sequitur
602 1853 640 1907 de
667 1848 825 1911 concordia
853 1851 983 1925 equitum
1004 1870 1072 1907 eum
1092 1850 1215 1927 senatu

209 1977 229 2015 a
246 1955 282 2030 se
303 1951 447 2027 restituta.
469 1963 499 2024 3.
544 1954 582 2008 de
604 1951 761 2031 praesidiis
785 1968 857 2026 qune
881 1951 942 2025 sibi
963 1953 1005 2008 ad
1029 1954 1215 2013 retinendas

208 2076 278 2135 opes
293 2055 363 2131 suas
376 2056 541 2128 paraverit.
562 2060 595 2136 4.
639 2055 676 2113 de
692 2053 729 2112 iis
751 2053 805 2139 qui
824 2072 899 2113 nunc
920 2055 1101 2132 consulatum
1119 2054 1220 2135 peti·

207 2159 269 2219 turi
279 2156 352 2237 sini.
371 2165 402 2229 5·

395 2334 599 2402 CICERO
641 2331 887 2408 ATTICO,
928 2332 966 2401 S.

248 2494 376 2581 Magna
397 2486 482 2555 mihi
503 2493 645 2552 varietas
668 2486 871 2561 voluntem,
905 2500 938 2552 et
966 2486 1232 2557 dissimilitudo

166 2600 354 2689 opinioni5‚
377 2614 415 2655 ao
440 2589 556 2657 indicii
579 2587 699 2677 Quinti
718 2591 832 2659 fratris
857 2596 940 2664 mei,
969 2592 1232 2659 demonstrata

168 2699 217 2765 est
237 2719 280 2763 ex
293 2695 399 2761 literis
422 2698 509 2764 tuis,
531 2698 567 2757 in
589 2695 710 2774 quibus
734 2692 775 2754 ad
798 2714 851 2755 me
871 2692 1083 2779 epistolarum
1104 2696 1225 2761 iliius

168 2795 323 2885 exempla
337 2793 458 2859 mifilti.
503 2794 578 2883 Qun
593 2814 636 2856 ex
652 2815 688 2856 re
706 2805 739 2859 ct
753 2793 903 2858 molestia
920 2794 990 2858 lum
1012 2807 1106 2860 tanta
1120 2796 1222 2863 affe·

168 2914 262 2977 ctus,
284 2909 442 2981 quantam
466 2892 549 2959 mihi
572 2916 667 2958 mens
691 2918 785 2960 amor
806 2896 953 2963 summus
977 2918 1058 2985 erga
1072 2911 1219 2965 utrum<

168 3023 234 3088 que
250 2998 397 3067 vestrum
418 2995 539 3059 afferre
562 2995 696 3077 debuit3
721 3012 754 3061 et
773 2998 1011 3071 admiratione,
1036 2998 1204 3081 quidnam

168 3099 354 3171 accidisset,
376 3096 466 3180 quod
489 3097 626 3162 afferret
643 3096 772 3187 Quinto
793 3100 889 3166 fratri
903 3121 1000 3172 meo,
1021 3111 1080 3163 aut
1095 3100 1200 3167 offen·

168 3201 295 3268 fiunem
322 3212 391 3263 tam
416 3212 646 3286 graven1‚aut
669 3207 969 3268 commutationem
995 3212 1123 3265 tantam
1143 3225 1195 3271 vn·

167 3302 322 3368 luntatis.
365 3298 480 3382 Atque
508 3298 591 3363 illud
620 3321 638 3365 a
664 3324 718 3365 nie
742 3307 807 3367 iarn
832 3315 908 3366 unte
931 3299 1193 3388 intelligebatur,
1216 3338 1223 3348 ·

170 3401 262 3491 quod
285 3414 320 3466 te
344 3422 479 3487 quoque
501 3399 607 3488 ipsum
626 3402 861 3467 discedentem
884 3405 1021 3469 anobis
1044 3401 1194 3495 suspicari

167 3624 331 3690 Romanus
349 3624 399 3685 vel
414 3627 576 3705 imperium
594 3627 656 3686 Ro·
756 3643 881 3703 quasque
901 3624 1061 3711 historias]
1080 3626 1200 3712 signifi·
1239 3648 1251 3695 e

168 3732 306 3775 menum.
348 3712 396 3771 Ab
421 3710 530 3770 eadem
553 3709 657 3773 Amal·
712 3714 1202 3801 eatividenturnemtioneemy·
1245 3742 1251 3771 r

168 3796 242 3861 thee
258 3794 356 3876 ipsum
373 3802 537 3876 praedium
552 3799 656 3875 'Apei-
713 3794 814 3856 thicee
841 3797 881 3856 de
900 3796 953 3857 illa
982 3817 1079 3876 capre
1100 3800 1204 3863 Amal·

165 3884 391 3947 Seiev‘vocuvit.
714 3878 787 3943 theu
803 3880 884 3944 lom
903 3886 995 3965 pueri
1008 3888 1143 3949 nutrice.
