2506 4808
204 278 515 369 'EPISTQLA
559 284 711 359 XXIXa
917 303 985 379 175

87 473 150 561 [nod
172 471 263 538 idem
286 473 416 541 faciunt
438 472 571 541 Graeci.
619 473 778 543 Difficile
791 475 840 543 eit
860 487 993 557 autem,

87 599 128 644 ue
145 577 350 650 commodis,
372 576 528 653 utilitate,
551 589 585 643 et
598 600 708 666 prope
723 591 843 661 natura
857 579 989 661 diversa

87 678 243 746 toluntute
260 684 479 766 coniungere.
522 677 576 743 At
592 698 635 763 ea
652 679 808 763 quidem,
834 701 918 765 quae
936 680 990 751 su·

87 788 160 870 ipta
173 780 259 855 sunt,
280 802 363 854 non,
376 792 416 845 ut
431 791 464 843 te
477 777 708 854 instituerem,
726 778 847 869 scripfi,
863 785 986 867 (neque

87 883 273 974 prudentia·
286 894 346 947 tua
373 886 572 964 cuiusquam
593 894 776 970 praecepta
801 879 997 969 desiderat)

96 982 328 1049 inscribendo
344 986 622 1047 commemoratio
643 994 721 1047 tuae
739 989 875 1067 virtutis
899 981 990 1061 delur

101 1105 302 1171 quamquam
315 1090 353 1150 in
365 1082 418 1151 his
438 1083 547 1149 literis
562 1081 700 1172 longior
718 1084 787 1162 fui,
807 1108 908 1172 quam
928 1098 987 1155 aut

90 1231 102 1262 ,
126 1200 185 1276 aut
201 1209 302 1271 quam
316 1207 371 1251 me
387 1190 502 1272 putavi
514 1185 602 1251 sore.

87 1312 160 1356 ium
175 1287 240 1361 eit,
264 1285 360 1371 quod
369 1289 432 1354 tibi
446 1310 509 1378 ego
523 1296 720 1378 praecipere¹
737 1313 809 1357 non
827 1289 986 1369 desinam,
1000 1319 1039 1369 tt

87 1404 118 1457 te
132 1394 243 1480 patiar
264 1394 494 1472 (quantumin
509 1414 563 1459 me
581 1399 660 1477 erit)
681 1416 761 1471 cum
771 1464 774 1469 ,
785 1398 989 1480 exceptione

87 1538 96 1557 .
141 1490 273 1558 Omnes
293 1497 400 1567 enim,
426 1497 483 1576 qui
503 1492 600 1561 istinc
624 1501 774 1570 veniunt,
794 1499 843 1561 ita
863 1494 907 1559 de
927 1506 988 1563 tua

90 1637 103 1670 ,
127 1599 339 1683 integritate,
365 1589 573 1661 humanitate
587 1605 875 1669 commemorant,
897 1606 936 1661 ut
949 1598 989 1663 iu

87 1701 200 1781 immin
229 1692 386 1761 laudibus
423 1701 595 1785 excipiant
627 1718 730 1764 unam
767 1696 988 1763 iracundiam.

87 1803 219 1872 uitium,
243 1818 345 1881 quum
358 1801 395 1862 in
409 1793 473 1863 hac
487 1804 634 1887 privata,
658 1797 920 1883 quotidianaque
943 1804 991 1865 ui.-

87 1920 99 1963 ε
122 1897 187 1965 esse
209 1905 329 1974 animi,
359 1911 458 1983 atque
477 1897 607 1967 infirmi
630 1901 780 1971 videtur:
809 1912 885 1964 tum
907 1918 989 1985 vero
1109 1928 1113 1939 ¹

87 1998 115 2065 st
136 2012 208 2065 tam
225 2000 399 2076 deforme,
432 2022 542 2084 quam·
556 2002 599 2066 ad
620 1999 786 2067 summum
806 2004 991 2088 imperium

93 2103 312 2187 acerbitatem
337 2113 476 2191 naturae
513 2102 707 2192 adiungere.
762 2099 875 2190 Quare
904 2100 990 2169 illud

87 2209 242 2292 amplam,
265 2215 321 2279 ut,
351 2225 435 2288 quae
449 2204 491 2269 de
505 2206 680 2273 iracundia
692 2203 763 2269 dici
774 2200 884 2269 solent
899 2223 918 2269 a
932 2202 991 2268 dc·

87 2309 112 2369 is
128 2302 343 2380 hominihus,
366 2326 405 2371 ea
420 2306 484 2371 tibi
503 2330 594 2373 nunc
610 2327 798 2398 exponam,
825 2327 942 2391 quum.
954 2317 990 2397 et

87 2405 213 2496 longus
237 2404 300 2471 esse
322 2404 446 2481 nolim,
474 2420 508 2471 et
528 2430 571 2487 ex
591 2409 777 2477 multorum
795 2406 991 2495 scriptisea

87 2506 177 2596 ¹rossia
193 2507 533 2597 cognoscere;,quod
558 2508 604 2574 est
625 2509 781 2599 epistolae
800 2513 1000 2602 proprium,¹

98 2610 141 2673 ad
164 2631 263 2693 quem
283 2609 458 2684 scribitur,
478 2609 520 2674 de
541 2617 583 2676 iis
600 2613 724 2684 rebus,
746 2630 828 2694 quas
844 2613 991 2702 igqot‘at,

87 2694 176 2786 rfiat,
197 2710 541 2799 praetermittendum
557 2711 622 2775 esse
635 2735 706 2781 non
720 2723 815 2801 puto.
857 2707 934 2775 Sed.
944 2702 990 2800 ad

87 2814 253 2879 messere
269 2813 446 2887 deferunt,
469 2813 565 2888 nihil,
584 2837 686 2898 quum
705 2811 786 2878 absit
806 2809 990 2887 iracundia,

87 2913 205 3003 iposse
220 2914 417 2996 iucundius3
446 2912 501 2978 sed
525 2928 687 2999 quum-te
708 2914 850 3001 alicuius
868 2918 990 3004 impr03

93 3013 358 3105 perversitasque
382 3023 622 3094 commoverit,
653 3015 752 3095 ficte
775 3021 887 3097 animo
908 3021 992 3101 inci,-

87 3129 106 3191 li
122 3119 163 3180 ab
179 3121 336 3184 omnibus
353 3132 411 3185 tua
431 3117 638 3199 desideretur
657 3117 859 3201 humanitas.
902 3112 989 3208 Quass

87 3223 175 3285 niam
195 3224 231 3283 in
246 3234 328 3285 'eam
349 3226 518 3285 rationem
541 3207 629 3285 vitae
647 3241 713 3287 uos
728 3244 798 3287 non
817 3234 889 3286 tam
902 3228 991 3310 cupi·

343 3376 613 3397 W

87 3483 112 3537 a!
131 3463 450 3540 doctiJJimis-homini-
548 3459 631 3537 quod,
668 3462 709 3536 est
749 3464 891 3539 epistolae
922 3480 991 3541 pras

87 3545 251 3608 Aristotele
281 3552 313 3609 in
336 3546 451 3607 Ethicic
506 3543 628 3631 prium]
672 3548 722 3608 Sic
744 3568 793 3628 ep.
816 3549 857 3610 ad
879 3549 992 3610 Curio-

87 3650 112 3691 3:
131 3628 263 3692 Plhtone
279 3636 309 3691 in
320 3630 451 3693 Philebo
507 3651 580 3692 nem
600 3631 652 3700 lib,
668 3631 705 3696 ll.
733 3635 773 3691 ad
786 3632 872 3694 Fam.
893 3654 943 3715 ep.
960 3646 993 3714 4,

87 3715 118 3776 le
130 3716 211 3796 Rep.
234 3710 355 3774 Manui.
506 3719 572 3776 init.
766 3781 769 3788 Ι

87 3804 90 3850 f
122 3798 188 3885 esi]
237 3801 341 3884 Vulgo
377 3801 452 3858 illud
549 3798 692 3884 ignorat]
739 3798 905 3873 Ernestiua,
921 3819 993 3861 eor·

87 3887 113 3949 t.
147 3886 248 3946 Recte
270 3902 374 3946 eutem
398 3886 452 3946 Er·
505 3893 587 3959 rexit
630 3885 759 3967 ignoret.
816 3889 879 3948 Sed
914 3883 992 3971 nihil

98 3970 216 4031 delevit
233 3971 317 4042 illud,
334 3985 451 4032 temero
508 3989 598 4052 opus.
974 3960 979 3975 ⁸

87 4052 218 4117 rioribus
231 4058 408 4138 repetitum.
