2506 4808
143 348 208 415 εει
464 328 753 401 EPISTOLA
806 336 855 405 L.

140 521 182 589 L.
197 519 412 595 Domitium,
433 526 529 587 euius
544 520 686 587 domum
702 520 918 591 constitutam
932 524 1059 605 fuisse,
1079 532 1159 600 unde

140 628 274 712 eruptio
289 618 404 687 fierett
432 643 572 687 menon
586 626 792 698 nominavit,
819 622 875 691 sed
892 628 1001 704 dixit,
1025 632 1157 699 consula·

138 746 214 791 rem
228 720 409 798 disertum,
432 728 583 790 vicinum
598 720 764 799 consulis,
785 722 844 790 sibi
861 726 996 805 dixisse,
1026 728 1154 799 Ahalam

136 824 320 895 Servilium
348 822 512 907 aliquem,
546 836 604 890 aut
628 823 775 893 Brutum
801 848 889 917 opus
918 828 984 895 esse
1014 840 1150 921 reperiri

136 925 283 997 Addidit
306 924 347 988 ad
368 936 575 999 extremum,
605 948 727 1010 quum,
758 932 827 1001 iam
847 927 977 995 dimissa
991 940 1149 1011 concione,

135 1038 318 1095 revocatus
333 1026 500 1092 aVatinio
514 1025 641 1100 suisset,
673 1024 705 1093 se
728 1026 888 1095 audissea
911 1030 1080 1111 Curione,
1105 1035 1146 1104 hit

134 1130 305 1203 derebus
329 1126 499 1194 conscium
525 1126 591 1194 esse
618 1126 773 1195 Pisonem
799 1150 965 1217 genemm
987 1158 1098 1205 meum
1121 1150 1146 1205 et

134 1232 185 1299 M·
205 1228 433 1295 Laterensem.
477 1228 578 1295 Nunc
602 1250 681 1296 rous
698 1241 773 1294 erat
790 1230 881 1318 apud
894 1232 1056 1304 Crassum
1072 1236 1145 1307 Diti·

132 1344 204 1397 tem
219 1332 356 1396 Vettius
374 1330 416 1395 do
432 1336 481 1397 vir
505 1344 551 1406 et,
572 1351 676 1412 quum
691 1330 773 1397 esset
784 1330 980 1409 damnatus.
1000 1338 1143 1405 eratindi

133 1438 225 1501 cium
243 1430 484 1519 postulaturus:
519 1429 611 1517 quod
632 1428 655 1496 fi
676 1432 901 1524 impetrasset,
935 1438 1063 1508 iudicia
1086 1440 1142 1509 sore

132 1533 344 1605 videbantur.

511 1740 780 1769 naq—uuan-

174 1894 210 1956 t.
240 1892 433 1978 Domitium]
476 1894 517 1956 ed
551 1894 616 1959 Att.
672 1894 874 1981 significetur,
896 1912 934 1960 nt
953 1898 1139 1983 quaomn-

127 1981 214 2044 lib.1.
230 2004 280 2064 ep.
293 1997 340 2056 15.
357 1998 388 2041 et
404 1982 537 2061 Oratio
556 1984 616 2042 Ve-
672 1983 748 2043 dum
773 1982 1087 2047 Abstinendum
1105 1988 1140 2049 ds·
1174 1982 1180 2055 J

127 2070 185 2131 tin.
203 2089 229 2127 c.
250 2089 296 2129 ιο.
338 2071 368 2125 ui
389 2062 498 2145 postea
522 2066 614 2127 Prae-
670 2072 731 2141 uit,
753 2071 797 2129 ite
813 2068 937 2130 sunium
957 2068 1088 2133 Brutum
1105 2066 1180 2133 ‹ss-s

126 2166 181 2211 tor
197 2152 237 2211 de
252 2087 391 2210 Caesaris
414 2154 487 2209 ectio
507 2152 614 2214 retulit
670 2168 729 2213 ont.
756 2148 896 2230 Malasp.'
1166 2140 1180 2231 '¹'

125 2236 346 2296 Suet.inCees.
358 2256 382 2295 c.
393 2248 442 2307 23.
464 2230 592 2297 Corrod.
712 2238 881 2322 revocatur]
924 2258 1024 2321 quum
1039 2238 1133 2303 sende

167 2323 296 2379 vicinum
329 2318 473 2409 consulis]
529 2322 612 2381 Nam
668 2320 772 2385 rostrst
795 2320 1005 2387 descendisset.
1027 2326 1135 2391 Ouid!

124 2407 238 2469 Cicero
256 2411 288 2465 in
309 2407 429 2467 Palatio
452 2404 610 2467 habitavit.
666 2408 770 2473 Votsn.
788 2430 815 2470 c.
836 2429 882 2472 11.
911 2405 1001 2473 Com

123 2491 237 2552 caesar
257 2512 332 2553 vero
353 2488 424 2572 post
446 2490 610 2552 Pontifica·
712 2490 921 2577 Laterensem]
948 2496 1022 2557 vid„
1036 2516 1083 2578 ep.
1098 2502 1135 2567 td·
1167 2490 1180 2549 s

121 2590 189 2636 tum
206 2582 237 2638 in
257 2576 339 2637 sacra
360 2581 408 2635 tin
431 2574 530 2634 domo
550 2597 608 2657 pu·
664 2572 694 2635 h.
716 2578 736 2637 s.

120 2660 203 2723 blica
217 2664 302 2724 Suet.
318 2660 402 2721 Caes.
419 2680 444 2719 c.
454 2661 505 2736 46.
530 2662 607 2721 Por·
705 2664 785 2737 apud
821 2656 958 2737 Crassum
991 2658 1133 2749 Diuitem]

118 2746 607 2827 rocnputsecroevieoinceri·
663 2745 1136 2829 erotidemquisopueuornsnt·¹
1166 2750 1179 2799 i

118 2837 166 2894 rtis
180 2838 279 2894 oritur
294 2831 470 2894 absrrenae
481 2828 604 2906 socesso,
661 2832 802 2903 torsuit,
830 2828 893 2893 hoc
913 2850 999 2895 enno
1020 2848 1134 2917 prem
1165 2804 1179 2915 s

118 2920 347 2998 queepertinet
361 2921 392 2975 in
402 2934 512 2976 arcem.
527 2918 606 2976 Vor-
662 2931 694 2974 et
708 2920 788 2977 inter
801 2912 925 2979 sicarios
935 2917 1134 2999 quaestione!¹
1170 2922 1179 2965 Ι

116 3021 156 3062 ro
175 3002 215 3062 de
235 3002 322 3083 Ling.
341 3002 407 3062 Lat.
435 3016 518 3060 certe
538 3020 604 3063 non
660 2999 793 3062 sortitur.
1174 3030 1179 3041 ⁴

116 3085 230 3169 procul
246 3086 403 3145 aPosetio.
435 3082 521 3143 Cor-r.
701 3086 1047 3177 qutrmessetdumnatut]
1070 3088 1132 3149 Nou
1165 3054 1179 3209 1

157 3170 284 3228 Ahalam
297 3168 469 3255 Ser-uilium]
491 3169 604 3229 C.Ser·
660 3168 840 3231 damnatum
859 3168 921 3231 esse
934 3173 1025 3245 dicit,
1050 3164 1131 3233 sedi
1165 3168 1172 3183 “

114 3256 220 3317 uilium
238 3255 375 3325 Ahalam,
392 3262 443 3335 qui
459 3249 601 3337 magister
658 3252 733 3315 osset
754 3256 935 3328 damnetur,
974 3254 1130 3339 epperebtt

113 3346 255 3422 equitum
271 3338 601 3421 iussuL.QuimiiCin·
656 3338 883 3419 postulaturum
911 3337 990 3416 osse,
1025 3356 1062 3403 ut
1084 3338 1130 3401 titi

114 3430 228 3487 cinnati
251 3428 418 3486 Dictatorir
442 3427 494 3504 Sp.
511 3423 600 3482 Mee-
655 3423 762 3485 liceret
775 3425 1050 3489 indiciomsacere.
1071 3426 1129 3487 Mt·

111 3509 189 3571 lium
230 3531 362 3595 regnum
397 3522 599 3591 appetentem
655 3508 736 3568 seut
752 3507 844 3590 saepe
864 3511 936 3571 cod.
953 3532 1002 3593 pr.
1026 3508 1128 3572 hebet

111 3598 265 3661 interfecit
280 3599 344 3655 Liv.
363 3593 415 3655 sib.
429 3596 483 3654 lv.
510 3589 598 3654 Corr.
656 3595 805 3658 iudicium.
834 3590 943 3655 Bosnn
959 3600 1127 3677 primum·

153 3693 205 3740 ant
221 3676 366 3771 Brutum]
415 3680 520 3761 Vulgo
547 3686 599 3733 aut
656 3696 705 3739 cte
719 3679 807 3739 dedit
826 3680 977 3743 indicium.
996 3714 1040 3729 -
1079 3672 1126 3737 sst-

110 3770 202 3827 esiam
232 3763 364 3824 Brutum.
415 3763 480 3823 Sed
507 3765 598 3820 etiam
654 3765 737 3839 trosti.

106 3850 194 3920 obest
214 3874 231 3913 e
254 3850 413 3930 plerisque
441 3867 597 3919 meorum,
697 3850 806 3907 iudicio
819 3846 917 3933 foro]
951 3852 1125 3913 Futurum

106 3935 233 4017 prorsus
249 3933 311 3996 fine
332 3935 455 3996 domno.
504 3932 540 3993 ln
561 3931 597 3989 si·
652 3932 706 3992 isse
720 3936 800 3994 secto
822 3938 875 4015 qui
895 3954 969 3995 reor
989 3937 1122 4003 secerni,

81 4020 166 4084 'bro
197 4022 308 4083 Feemi
339 4040 399 4098 pro
429 4019 521 4076 etiam
551 4012 596 4074 Iu.
654 4038 735 4097 quor
757 4016 917 4083 indicasset
930 4016 994 4085 ille.
1117 4082 1120 4089 ,

105 4104 237 4195 legitur,
279 4125 316 4175 nt
339 4100 467 4167 sortasse
497 4097 597 4163 Iunius
