2506 4808
302 328 594 401 :EPISTOLA
645 318 872 401 CXLVIII.
1042 356 1105 420 251

122 528 166 583 rit
197 525 314 602 eiusque
348 525 527 601 dae'gnitaiem
557 527 696 584 tuendam
722 526 885 600 sussceperit
911 537 942 600 3.
984 508 1106 600 deinde,

122 631 267 704 quamde
288 623 386 700 Appio
412 627 485 684 nihil
513 628 649 702 opus'fit
680 621 778 685 dicere
806 637 837 703 4.
870 634 931 686 'nir
955 624 1106 689 Vatinium

121 728 306 799 defenderit,
328 734 356 792 5.
399 738 430 784 et
450 748 502 785 cur
515 750 580 786 cum
598 723 699 804 Crasso
719 731 748 786 in
761 733 894 805 gratiam
913 734 1037 791 radiarit
1052 755 1104 793 ax·

120 831 215 904 ponit.
236 831 267 890 6.
310 831 432 905 denique
446 831 577 905 uniuersa
584 831 619 907 se
632 852 667 886 aa
680 832 798 906 confisia
806 832 910 911 sequi,
926 854 1000 910 quiae
1013 854 1105 917 quum

115 932 173 1007 fibi
189 943 251 989 tum
266 933 357 988 otiam
372 932 416 988 rei
432 933 565 1006 publicae
584 933 744 989 rationibus
761 935 923 992 conducere
939 945 1040 1010 putet,
1059 937 1105 1008 af.

113 1031 238 1104 firmat.
253 1054 282 1115 7.
324 1029 475 1108 Postremo
497 1036 584 1090 addit
601 1035 662 1090 alia
675 1037 833 1110 quaedam,
850 1037 888 1092 de
902 1016 1025 1112 seriptis
1040 1040 1104 1113 suis

120 1138 186 1210 post
203 1133 322 1194 Lentuli
340 1137 493 1212 discessum
515 1146 546 1207 8.
590 1137 627 1190 de
646 1131 764 1193 Lentuli
785 1139 866 1193 rebus
888 1138 1053 1212 domesticis
1072 1160 1102 1221 9,

122 1239 160 1294 ola
177 1237 214 1318 Q.
229 1237 344 1309 fratris
367 1240 487 1315 negotio
512 1255 558 1297 ιο.
602 1238 639 1295 de
652 1237 709 1310 sno
722 1238 752 1294 iu
769 1232 925 1294 Lentulum
931 1237 1033 1311 studio
1054 1259 1102 1301 11.

83 1354 85 1359 ·
121 1342 159 1395 de
173 1337 265 1414 Appii
281 1341 310 1398 in
325 1343 508 1417 prouinciam
515 1339 690 1418 suoceffione
717 1359 763 1400 12.
808 1339 845 1396 de
857 1341 1018 1414 publicanis
1031 1336 1104 1402 Lens

86 1462 88 1467 ·
120 1447 183 1500 tulo
201 1445 391 1504 conciliandis
417 1444 463 1510 13.

159 1624 209 1689 M.
229 1623 276 1688 T.
309 1624 514 1694 CICERO
533 1619 878 1790 SRIIAENTULO
908 1622 1018 1691 IMP.
1085 1646 1088 1655 ¹

173 1877 406 1944 Periucundae
431 1875 515 1945 mihi
540 1875 680 1941 fuerunt
705 1873 822 1942 literae
851 1890 946 1955 tuae,
981 1885 1104 1965 quibus

81 1977 233 2044 intellexi
247 1993 283 2044 te
299 1979 485 2070 perspicere
494 1998 608 2061 meam
622 1983 657 2043 iu
674 1989 709 2040 te
725 1983 901 2063 pietatem3
923 1981 1002 2064 quid
1014 1988 1105 2049 enim

81 2082 190 2145 ‹Iicam
212 2081 487 2155 benivolentiam,
511 2067 720 2163 quum‘illud
741 2077 846 2166 ipsum
862 2082 1085 2168 gravisimum
1090 2128 1107 2165 ,

81 2196 115 2247 et
128 2182 360 2249 sanctissimum
385 2204 510 2273 nomen
536 2185 690 2269 pietati&
726 2177 833 2247 lenias
859 2179 942 2247 mihi
973 2168 1106 2251 meritis¹

82 2307 162 2372 erga
181 2307 242 2356 me
266 2289 333 2351 tuis
359 2283 423 2349 esse
446 2277 620 2351 videatur?
660 2280 761 2372 Quod
791 2297 903 2351 autem
924 2298 1019 2373 grata
1043 2288 1109 2355 tibi

81 2409 156 2450 mea
179 2409 258 2474 erga
278 2401 313 2451 te
333 2385 439 2451 studia
457 2383 574 2451 scribis
597 2381 678 2457 esse,
694 2383 776 2450 sacis
801 2398 837 2450 tu
855 2384 990 2470 quidem
1005 2387 1107 2450 abun·

82 2488 195 2551 dantia
216 2488 356 2570 quadam
378 2493 525 2562 umoris,
555 2500 594 2551 ut
615 2492 715 2552 etiam
738 2499 831 2573 grata
851 2484 912 2550 [ηπ
934 2507 989 2560 ea,
1022 2506 1108 2570 quae

82 2595 309 2676 praetermitti
339 2590 407 2659 fine
429 2589 557 2658 nefario
587 2585 713 2651 scelere
741 2611 809 2651 non
832 2586 978 2675 possunt.
1024 2584 1109 2663 Tibi

84 2702 194 2752 autem
217 2689 324 2755 multo
346 2696 479 2762 notior,
508 2700 607 2772 atque
627 2685 904 2776 illustrioruneus
927 2693 962 2754 in
985 2700 1020 2751 te
1040 2693 1109 2754 ani·

83 2812 158 2854 mus
177 2786 312 2864 esset‚·s1
331 2788 396 2856 hoc
411 2805 568 2876 tempore
583 2792 687 2860 omni,
709 2810 775 2869 quo
791 2786 951 2853 disiuncti
967 2788 1107 2864 fuimus,

85 2903 119 2960 ei
139 2912 224 2971 uno,
246 2904 280 2954 et
302 2890 431 2959 Romae
452 2889 638 2956 fuissemus.
682 2886 768 2952 Nau]
791 2892 827 2952 in
849 2909 891 2951 eo
908 2887 994 2976 ipso,
1017 2889 1110 2974 quod

83 3004 119 3056 te
135 2991 285 3056 ostendis
302 2989 365 3055 esse
380 2993 566 3063 facturum,
587 2987 742 3071 quodque
757 2999 791 3051 et
806 2992 842 3051 iu
861 2994 977 3074 primis
992 3003 1110 3076 poteS,

86 3104 120 3156 et
144 3115 211 3181 ego
228 3112 246 3156 a
264 3104 299 3158 te
316 3089 535 3162 vehementer
548 3091 723 3178 exspecto,
745 3093 780 3155 in
797 3087 969 3156 sententiis
985 3089 1118 3154 senato·-

87 3201 165 3269 riis,
188 3208 222 3260 et
236 3200 271 3260 in
286 3200 379 3260 omni
399 3199 550 3265 actione,
572 3204 670 3273 atquo
689 3189 973 3256 administratione
988 3195 1037 3255 rei
1052 3213 1110 3283 pu·

86 3295 194 3364 incue
216 3292 454 3360 floruissemus:
477 3294 519 3358 de
543 3313 606 3375 qua
629 3289 800 3354 ostendam
822 3290 979 3372 equidem
998 3290 1111 3378 paullo

86 3396 174 3483 post,
194 3401 251 3484 qui
270 3395 309 3465 sit
324 3416 427 3470 ,meus
452 3392 583 3465 sensus.
604 3398 638 3454 e't
653 3390 775 3474 stutu53
800 3403 834 3485 et
850 3389 1031 3466 rescribam
1047 3393 1111 3459 tibi

464 3616 732 3635 m

127 3757 221 3840 Epist.
242 3757 408 3821 CXLVIII.
455 3778 481 3819 ι.
519 3759 573 3815 stoc
629 3755 670 3817 ud
700 3754 861 3818 Calvinum
896 3767 929 3814 et
952 3747 1118 3817 Messalam

89 3855 223 3920 tempore
251 3840 354 3928 omni]
398 3845 572 3903 trienninm.
630 3838 798 3912 consulem,
820 3859 885 3920 quo
902 3855 985 3899 anno
1002 3833 1119 3898 succes·

88 3932 170 3989 Nam
191 3943 262 3988 ante
286 3927 440 3988 biennium
461 3927 574 3987 Lentu·
630 3925 665 3986 fit
682 3931 711 3986 ei
724 3927 843 4009 Appius
859 3923 1016 3988 Claudius.
1043 3915 1117 3980 Ma·

88 4014 155 4086 Ius,
188 4011 348 4074 consulatu
371 4010 492 4072 iunctm
512 4015 576 4071 Ive-
632 4021 695 4072 ant.

88 4115 139 4162 rut
160 4102 193 4161 iu
210 4097 368 4174 Cisieinm3
404 4093 577 4178 munitque
