2506 4808
171 316 236 395 ³²4
426 300 713 397 ermrotu
756 300 949 369 titum.

180 492 332 565 Obsecro
348 504 401 565 te,
428 494 607 563 mentita,
628 488 719 573 quod
736 488 776 553 ad
798 486 968 577 sumptum
987 493 1135 567 attinet,
1155 488 1216 559 fine

181 596 285 669 alioS,
313 600 369 677 qui
385 592 537 679 possunt,
561 588 701 653 simodo
717 588 855 663 voluut,
874 590 1065 659 sustinere:
1088 608 1126 659 et
1144 594 1215 661 vati

182 698 335 765 tudinem
360 694 451 759 istum
475 690 662 765 iustrumm,
696 688 796 753 sime
825 712 936 767 arnas,
976 692 1053 761 noli
1083 716 1211 761 vexare.

183 800 269 867 Num
305 794 388 862 misti
432 808 509 859 aitte
551 792 671 859 ocusos
707 792 780 855 dies
820 806 1013 879 noctesque
1061 796 1209 881 versario
1240 786 1242 823 ³

184 902 315 969 Omnes
338 898 474 963 susurres
492 910 524 960 te
547 900 705 983 excipere
728 894 838 959 tideo.
882 892 1033 971 Timeo,
1064 909 1106 961 ut
1126 896 1210 963 susti·

181 1024 276 1071 neas.
321 997 392 1065 Sed
418 997 517 1063 video
542 1002 578 1061 iu
605 1008 638 1059 te
661 994 724 1059 esse
750 1001 874 1061 cunum.
927 996 1069 1087 Quare,
1102 1012 1142 1063 ut
1161 998 1208 1075 td,

183 1104 275 1191 quud
293 1102 425 1189 sperus,
452 1111 486 1162 et
500 1097 590 1181 quod
605 1100 695 1185 agis,
714 1093 977 1179 consequamur,
1001 1098 1090 1165 servi
1105 1098 1209 1165 valitu-
1227 1128 1231 1139 ·

183 1206 267 1271 dini.
311 1201 403 1289 Ego,
423 1200 463 1265 ad
480 1222 565 1283 quos
584 1197 745 1271 scrismm,
768 1197 891 1273 nescio,
913 1196 974 1264 nisi
992 1200 1036 1265 ad
1058 1222 1139 1275 eos,
1156 1204 1206 1285 qui

184 1306 227 1375 ad
244 1326 296 1368 me
313 1302 481 1375 scribunt,
501 1300 707 1373 amadeus,
730 1294 910 1385 dequibus
932 1302 978 1366 ad
998 1324 1056 1367 me
1079 1324 1138 1370 vos
1161 1300 1206 1367 asi·

184 1406 263 1493 quid
284 1402 438 1469 scribitis.
482 1402 649 1485 Longius,
685 1424 788 1485 quum
806 1410 853 1469 ita
870 1404 969 1470 vobis
996 1403 1132 1493 placet,
1147 1424 1206 1469 nou

183 1504 378 1573 discedam:
404 1502 458 1567 sed
478 1502 589 1579 resim,
611 1526 711 1589 qumu
727 1500 905 1593 saepissime
919 1504 1039 1571 literas
1065 1508 1205 1577 mittatis,

184 1605 377 1697 praesertim
402 1600 422 1669 st
445 1605 524 1687 quid
544 1604 590 1667 cst
613 1600 759 1681 firmius,
782 1607 871 1691 quod
890 1604 1081 1693 speremus.
1122 1604 1206 1671 Vole-

187 1723 239 1782 te‚
272 1728 347 1770 mea
377 1704 554 1779 desuerit,
590 1706 709 1773 valete.
734 1730 764 1772 a.
793 1708 826 1773 d.
856 1726 906 1769 111
931 1726 1045 1771 nonas
1071 1706 1203 1775 Octobr.

187 1806 435 1877 Thessalonica.

251 2030 537 2109 EPISTOLA
565 2034 775 2105 Lxxvtt.
824 2034 943 2123 (Art.
969 2036 1044 2109 111.
1072 2036 1153 2127 ει.)

288 2202 352 2263 Ser.
368 2194 604 2260 Thessalonicae
618 2200 657 2262 V.
673 2198 741 2260 Kos.
755 2196 836 2259 Noe.
856 2198 893 2261 Α.
915 2196 956 2259 U.
980 2198 1018 2259 C·
1042 2202 1120 2285 695.

188 2354 290 2435 Rogat
303 2352 444 2425 Atticum,
467 2363 499 2409 ut
514 2354 624 2423 omma,
638 2372 715 2432 quae
729 2352 766 2408 de
779 2354 967 2410 revocatione
973 2352 1034 2429 sua
1050 2356 1205 2435 perspiciet,

228 2476 446 2545 quamcumque
462 2454 491 2511 itt
501 2464 637 2530 partem,
658 2452 826 2528 planisfi'me
842 2453 927 2530 adse
940 2454 1072 2529 scribat.

381 2638 605 2707 ituucus
637 2638 681 2731 o.
716 2637 949 2715 rumim,
983 2638 1024 2707 s,

269 2794 429 2881 Triginta
444 2791 516 2855 dies
534 2806 630 2856 eraut
647 2790 725 2879 ipsi,
753 2814 857 2875 quum
871 2788 932 2857 has
950 2792 1076 2858 <sustam
1090 2794 1203 2869 literar,

185 2920 346 2991 perquos
362 2894 504 2959 nullasu
528 2896 626 2957 vobis
647 2914 854 2979 acceperam.
895 2891 985 2958 Mihi
1007 2912 1123 2959 autem
1143 2904 1201 2959 crat

185 3008 221 3069 in
237 3004 367 3069 auimo,
388 3000 472 3066 ium,
496 3006 531 3055 ut
548 3007 646 3058 autea
660 2994 701 3057 ad
717 3006 751 3057 te
769 2991 898 3081 scripsi,
926 2999 978 3057 ire
1000 2999 1039 3061 iu
1059 2998 1199 3085 Epirum:

187 3114 223 3165 et
237 3101 285 3164 ibi
301 3118 437 3163 omnem
460 3094 570 3159 casum
587 3090 791 3183 potissimum
813 3094 1018 3182 exspectare.
1064 3098 1120 3163 Te
1138 3118 1198 3169 oro.

185 3476 283 3535 tentio
298 3488 437 3553 poteret.
488 3471 588 3534 Immo
609 3475 672 3555 ogi·
770 3468 863 3555 Episs.
891 3470 1052 3539 LXXVII.
1102 3474 1196 3553 portisi-

184 3572 236 3619 tur
270 3559 309 3616 do
342 3561 477 3637 propriis
504 3560 533 3615 Τ
535 3564 672 3617 ereutiae
727 3578 808 3615 mum
827 3558 1015 3643 exspectare]
1034 3564 1199 3641 potisjimtre

184 3642 232 3703 vel
247 3642 366 3713 fundit,
388 3646 438 3720 (ut
457 3643 497 3701 de
512 3642 587 3702 sidtu
605 3642 670 3711 illo,
727 3648 862 3722 pertinet
879 3642 919 3701 od
934 3646 976 3700 ibi
984 3665 1051 3707 nou
1067 3648 1201 3725 edexspt·

183 3748 276 3809 quem
292 3726 425 3787 habebut
441 3748 490 3807 ep.
508 3742 560 3801 30,
575 3728 604 3785 si.
622 3726 672 3785 vel
727 3739 817 3787 ctare.
840 3724 980 3789 Fortasse
995 3720 1200 3813 trampofimi

184 3814 225 3872 de
240 3818 309 3873 vico
326 3833 420 3894 quam
444 3833 512 3871 enm
534 3810 669 3870 vendere
725 3812 768 3873 est
794 3832 851 3893 per
874 3812 1111 3897 negligentium.
1154 3812 1202 3879 Ed.

183 3894 311 3958 voluisse
332 3920 369 3958 ex
393 3920 441 3977 ep.
461 3916 511 3975 79.
526 3894 669 3978 intelligi·
723 3898 801 3957 Jens'.
839 3892 935 3957 hebet
975 3901 1145 3979 potisfime,
1176 3914 1202 3963 tt

181 3980 668 4065 tur)volpecuniissoenorecol·
725 3983 879 4063 quiedam
903 3979 1055 4063 sequace·
1078 4004 1114 4051 ut
1139 3988 1203 4051 Crt-

181 4064 301 4129 locatio.
652 4148 655 4155 Ι
721 4068 823 4129 teudi.
859 4060 932 4123 Em.
