2506 4808
345 304 632 374 emerere
677 307 828 376 cunr.
1060 332 1103 399 ιι

68 494 142 558 nari
168 494 399 579 celebrarique
419 495 515 561 velle.
558 493 679 581 Neque
704 504 794 562 enim
818 505 910 565 tuis
934 519 990 576 es,
1023 510 1101 588 qul,-

69 601 124 678 qui
148 594 209 668 fis,
228 595 374 662 nescias:
398 609 431 662 et
445 604 501 682 qui
515 621 584 664 non
602 618 660 665 eos
679 606 805 688 magis,
830 607 885 685 qui
907 615 940 666 te
959 625 1028 668 non
1045 605 1102 668 ad⁶
1208 624 1213 634 ·

66 705 256 771 mirentur,
277 700 430 771 invidos,
451 720 551 782 quam
575 722 655 776 eos,
677 706 733 786 qui
752 699 905 776 laudent,
928 703 1100 770 assentarie

66 821 124 863 res
143 801 320 865 arbitrere.
365 801 484 884 Neque
505 815 616 868 autem
633 824 697 890 ego
719 799 790 866 sum
813 808 860 868 ita
875 803 1037 877 demens,
1060 819 1101 871 ut

65 921 122 963 me
145 899 368 987 sempiternae
391 900 517 989 gloriae
540 924 603 993 per
625 925 703 968 eum
725 907 959 971 commendari
980 907 1100 981 velim,

66 1006 124 1083 qui
147 1023 217 1064 non
240 1003 308 1090 ipse
332 1026 465 1088 quoque
489 1011 525 1070 in
546 1026 600 1068 me
623 1006 895 1071 commendando
925 1013 1100 1095 propriam

65 1109 195 1190 ingenii
218 1104 362 1191 gloriam
382 1105 615 1189 consequatur.
658 1107 777 1191 Neque
797 1113 888 1171 enim
900 1105 1101 1174 Alexander

64 1204 122 1268 ille
145 1214 270 1294 gratiae
295 1205 389 1270 causa
410 1211 452 1272 ab
468 1206 591 1296 Apelle
605 1205 806 1296 potissimum
822 1215 937 1296 pingi,
957 1222 993 1273 et
1009 1211 1100 1303 aLy·

66 1305 160 1394 lippo
177 1304 259 1394 fingi
272 1306 423 1390 volebet3
441 1309 496 1373 sed
513 1313 604 1394 quod
619 1310 756 1383 illorum
770 1323 877 1375 artem
891 1333 995 1393 quum
1009 1310 1100 1399 ipfis,

65 1419 140 1471 tum
161 1416 262 1473 etiam
283 1408 340 1476 fibi
363 1409 486 1495 gloriae
509 1414 583 1477 sore
602 1412 754 1500 putabat.
798 1408 915 1494 Atque
935 1411 985 1477 illi
1000 1411 1100 1478 artifi-

63 1531 123 1572 ces
150 1518 306 1598 corporis
329 1510 504 1578 simulacre
525 1519 652 1601 ignotis
681 1525 763 1579 nota
784 1511 969 1577 faciebant:
1013 1516 1099 1599 quad

65 1611 120 1676 vel
134 1610 155 1674 fi
171 1613 263 1676 nulla
280 1611 352 1687 fint,
374 1613 482 1680 nihilo
499 1615 561 1683 sint
572 1628 687 1682 tamen
704 1613 915 1679 obscuriores
931 1612 1097 1681 clariviri.

65 1713 138 1776 Nec
164 1721 274 1778 minus
296 1714 345 1778 est
365 1713 552 1802 Spartiates
569 1713 746 1803 Agesilaus
770 1713 827 1777 ille
847 1714 1099 1800 perhibemus,

66 1820 124 1895 qui
147 1839 256 1899 neque
281 1823 425 1904 pictam,
452 1838 562 1900 neque
583 1813 697 1880 fictam
718 1820 900 1899 imaginem
925 1815 1013 1879 suarn
1031 1817 1099 1904 pas·

65 1915 120 1978 sus
138 1916 184 1979 est
201 1916 285 1990 esse,
304 1936 403 2000 quam
421 1923 477 2000 qui
494 1924 531 1981 in
548 1939 589 1980 eo
602 1937 728 2005 genere
742 1915 951 1979 laborarunt.
997 1917 1096 1983 Unus

66 2023 157 2081 euim
171 2017 412 2107 Xenophontis
435 2016 568 2082 libellus
592 2023 628 2084 in
649 2038 690 2082 eo
707 2039 789 2104 rege
810 2016 980 2082 laudando
997 2018 1098 2085 facile
1202 2045 1205 2049 ·

447 2244 717 2261 Μ

110 2407 136 2446 2.
159 2392 227 2468 qui,
256 2391 309 2468 qui
324 2389 385 2464 sis,
421 2384 551 2468 nescias]
609 2386 719 2463 ignotis
745 2375 847 2465 posuit
868 2405 934 2445 non
954 2406 1014 2465 pro
1044 2391 1096 2461 iit,

64 2472 154 2537 Scio,
191 2476 260 2548 qnid
285 2475 344 2549 sis,
382 2473 441 2531 dici
467 2487 552 2532 recte
609 2474 664 2550 qui
689 2474 923 2551 ignorarentur3
964 2470 1017 2532 sed
1043 2478 1097 2553 qui

64 2554 168 2633 posse3
190 2558 240 2617 sed
257 2575 360 2618 temen
376 2559 488 2618 Cicero
507 2557 552 2615 so·
607 2560 788 2637 ignorarent
801 2555 850 2613 ille
866 2553 1040 2633 fimulecre3
1061 2575 1097 2619 ut

61 2641 107 2699 let
127 2643 249 2713 dicere,
275 2646 324 2720 qai
342 2645 396 2720 sis.
439 2643 474 2701 In
491 2643 551 2701 Ma.
607 2643 641 2702 id
669 2641 758 2719 quod
783 2645 900 2718 petitur
928 2645 1097 2719 accipiatur

62 2746 159 2799 meo,
181 2729 243 2787 Gu.
263 2749 289 2787 1.
306 2753 333 2789 2.
355 2726 427 2786 edd.
443 2748 490 2806 pr.
510 2724 552 2785 est
607 2744 669 2804 pro
692 2727 837 2804 eoquod
860 2729 939 2807 ngi13
959 2732 1096 2807 entique.

64 2823 97 2866 tu
129 2814 220 2888 ires,
255 2817 309 2892 qui
333 2814 394 2887 sis,
428 2815 551 2885 nq‘i'ins,
608 2812 690 2871 Num
714 2809 839 2871 Plautus
866 2816 898 2868 in
924 2810 1095 2871 Pseudolot

63 2896 149 2954 unde
168 2915 270 2978 petet,
311 2903 359 2973 qui
380 2898 425 2957 bis
444 2897 549 2978 legen·
607 2897 696 2965 nevi,
729 2898 807 2952 notis
827 2898 1000 2969 praedicas,
1037 2916 1097 2976 pre

61 2981 155 3053 dum,
184 2983 276 3042 semel
300 2982 441 3063 scriptum
465 2978 551 3040 suisse
606 2983 642 3039 iia
661 2982 714 3058 qui
734 2996 898 3042 noverum.
940 2981 979 3040 Et
992 2979 1098 3044 noster

60 3069 95 3125 in
129 3067 344 3128 vetustioribus
379 3067 479 3136 libris,
518 3080 551 3129 et
606 3068 819 3146 inertie-pre
843 3065 955 3124 Coelio
981 3088 1048 3144 cap.
1067 3089 1096 3128 a.

62 3150 222 3233 vulgatum
237 3158 312 3234 qaid
331 3149 425 3213 essee
447 3171 550 3211 corre·
607 3153 645 3209 de
668 3153 817 3225 dignitate
833 3146 951 3208 Coelius
964 3155 1042 3209 notis
1062 3173 1098 3210 uc

62 3240 176 3296 ctione.
220 3240 385 3300 Lambinus
420 3257 551 3318 quoque
603 3238 766 3296 maioribus
803 3246 873 3294 natu
910 3237 1000 3294 etiam
1030 3238 1097 3312 sine

61 3324 93 3379 in
108 3320 176 3382 Mil.
192 3328 324 3403 reperit,
347 3328 412 3400 qui,
434 3323 549 3398 quisis,
607 3343 674 3379 men
698 3322 833 3379 oratione
863 3322 969 3380 tacitus
997 3320 1097 3392 facile

61 3406 172 3486 Itaque
188 3407 227 3469 sic
240 3410 402 3468 edidimus.
424 3403 550 3483 Ernesti.
602 3408 666 3483 ipse
687 3408 851 3482 respondet.
878 3440 909 3456 ι·
934 3402 1054 3468 Manat,

61 3491 101 3549 Et
129 3491 179 3553 hic
208 3494 333 3575 quidem
360 3491 425 3552 fine
451 3491 549 3552 dubio
651 3506 702 3550 uec
720 3494 816 3548 animis
833 3522 867 3536 «-
881 3490 1095 3575 perhibendus]

62 3597 168 3636 verum
184 3581 280 3656 vidie,
299 3595 335 3639 ut
355 3580 462 3637 mirari
481 3575 549 3636 satir
604 3575 1011 3656 peuloinsolentiusdictum
1019 3596 1097 3655 pro:

60 3682 234 3741 nequeam,
257 3665 334 3745 quid
347 3663 549 3723 Benedictuur
606 3683 659 3720 nec
680 3664 776 3718 minin
797 3663 893 3719 clarus
916 3663 971 3736 effe
995 3662 1097 3736 existi
1175 3716 1198 3735 „

62 3749 262 3809 transversum
281 3752 389 3832 egerit,
411 3764 446 3806 ut
462 3751 551 3807 uitio·
606 3750 730 3807 mancius
749 3747 799 3824 est.

60 3831 125 3890 sem
140 3851 171 3894 et
186 3835 347 3894 absurdam
362 3835 550 3914 aliquotco·
647 3834 677 3888 in
706 3852 740 3892 ee
765 3853 874 3909 genere
900 3826 1094 3911 laborarunt]

62 3919 165 3978 dicum
197 3921 383 3990 lectionem,
428 3920 477 3991 qui
505 3917 550 3992 fir
608 3916 720 3996 quibua
741 3934 833 3976 corne
853 3918 911 3975 suit
928 3931 962 3975 ut
983 3935 1097 3993 cerpo-

61 4006 169 4079 nescius
183 4009 215 4066 io
230 4005 370 4065 ordinem
387 4006 548 4078 reciperet.
604 4007 647 4063 ria
673 4001 718 4062 sui
745 4000 940 4063 liniulecrum
965 3998 1096 4082 aliquod

73 4134 76 4141 .
105 4093 216 4169 ignotis
262 4100 334 4147 nota
372 4085 550 4167 faciebant]
608 4083 747 4150 exstaret,
