2506 4808
163 327 208 407 ,e
451 313 738 386 rrrsrona
779 312 909 381 xcru

167 524 244 583 tot,
264 528 309 573 ex
330 511 373 572 iis
389 510 447 590 qui
468 508 590 592 privati
610 500 682 566 sint.
726 500 815 566 Huic
838 498 1061 565 assentiuntur
1083 499 1207 585 reliqui

170 609 383 682 consulares,
399 621 536 696 praeter
554 602 757 675 Servilium,
775 608 832 684 qui
853 605 995 665 omuino
1008 601 1134 667 reduci
1154 624 1209 669 ne·

170 726 228 802 gat
250 724 431 800 oportere,
472 721 509 772 et
531 705 737 777 Volcatium,
776 709 853 786 qui,
883 701 982 787 Lupo
1009 703 1211 778 referente,
1249 722 1252 727 ·

171 814 333 902 Pompeio
354 813 530 881 decernit,
563 821 598 870 et
615 804 817 878 Afranium,
849 809 906 887 qui
930 803 1107 871 assentitur
1135 805 1210 873 vot

173 923 280 984 catio:
302 936 388 1002 quae
403 936 460 981 res
483 920 584 998 auget
605 907 824 995 suspicionem
842 905 993 993 Pompeii
1010 905 1208 973 voluntatis.

173 1308 252 1393 legit
276 1311 325 1368 iut
353 1298 528 1376 habebut3
558 1319 665 1382 neque
719 1298 891 1374 sumtuum
912 1301 948 1362 in
965 1303 1126 1386 interrege
1146 1321 1214 1367 non

173 1390 337 1461 lictoribus
353 1384 584 1448 autviatoribua
597 1402 666 1446 nte·
719 1386 800 1445 nitra
834 1391 974 1466 quiaque
1009 1385 1096 1464 diea3
1139 1408 1215 1451 eam

175 1477 298 1541 bantur.
340 1472 467 1554 Reliqui
484 1490 564 1532 vero
583 1491 665 1551 quoa
720 1462 1140 1553 diuturnioriamagistr‘atue
1149 1492 1216 1536 nott

176 1563 403 1624 miravimua
437 1571 469 1617 et
497 1560 665 1636 imperium
721 1572 797 1616 erat.
842 1554 983 1616 Consulit
999 1563 1216 1640 tamenimpe·

178 1663 213 1709 et
224 1645 301 1729 legit
319 1642 468 1703 serendae
489 1644 534 1700 ina
543 1684 553 1713 ,
576 1660 667 1721 prae·
720 1646 801 1700 rium
816 1646 914 1700 meina
922 1655 998 1709 erat,
1015 1661 1110 1719 quam
1125 1663 1216 1722 prae·

177 1748 265 1795 tuae
279 1733 412 1791 uiatores
427 1744 458 1784 et
475 1725 599 1785 littorea
613 1726 667 1784 ha·
722 1732 816 1792 toria:
836 1747 908 1785 uam
932 1724 1037 1784 consol
1057 1733 1215 1804 praetoria

177 1815 305 1877 bebant.
348 1815 489 1872 Minore·
510 1807 666 1893 magistra·
722 1809 848 1870 creandi
876 1811 922 1867 ina
951 1808 1102 1884 habebam
1149 1818 1215 1874 noti

178 1917 246 1975 tut,
274 1898 391 1960 aedile·
411 1895 549 1967 curules,
582 1896 668 1953 aedi·
723 1911 832 1954 contra
855 1910 984 1972 praetor
1000 1893 1145 1957 consulit.
1178 1899 1215 1958 Et

178 1986 226 2049 ln
244 1983 363 2066 plebia,
406 1980 521 2041 tribuni
546 1977 667 2058 plebia,
723 1977 829 2039 consul
847 1980 886 2036 ab
899 1979 1043 2039 omnibus
1056 1979 1217 2063 magistra·

180 2066 360 2153 quaestores
380 2082 413 2126 et
434 2065 486 2124 asii
513 2067 666 2123 inferioris
723 2063 805 2123 tibur
845 2084 978 2122 avocare
1018 2071 1217 2127 comitiatum

180 2156 298 2217 ordinis
308 2196 319 2226 ,
338 2153 514 2226 potestatem
534 2148 666 2218 hebere,
723 2153 1217 2236 concionemquepoteraepree·

179 2259 250 2301 non
284 2241 442 2312 imperium
476 2234 669 2294 dicebantur.
725 2249 779 2292 tor
800 2254 817 2291 a
840 2233 964 2293 consule
985 2255 1051 2293 non
1068 2251 1218 2316 poterat;

179 2322 484 2404 Imperiumtribuno
496 2318 671 2396 plebienon
727 2319 816 2398 quod
851 2318 936 2398 apud
968 2317 1104 2378 Gellium
1129 2322 1217 2384 xul.

180 2406 270 2470 suiss'e
298 2410 398 2467 Livius
418 2407 458 2465 11.
479 2406 531 2479 36.
562 2417 671 2482 operte
731 2414 778 2479 ¹4·
820 2418 868 2475 15.
926 2400 1067 2463 Messalla
1110 2404 1218 2469 docet.

181 2490 671 2570 ostenditexernplotippiicon·
728 2489 928 2568 Quemquam
966 2504 1070 2547 autern
1116 2495 1219 2571 impe·

181 2578 277 2651 sulit,
317 2581 471 2656 privatum
512 2572 670 2632 tribunum
726 2579 808 2633 rium
831 2569 904 2631 esset
927 2577 959 2629 in
986 2573 1083 2644 urbe,
1119 2596 1218 2637 nemo

181 2664 284 2744 plebia
306 2662 508 2727 clamitantis,
531 2655 593 2717 fine
616 2662 671 2714 im·
727 2673 832 2717 tumen
855 2678 890 2716 ex
914 2657 1036 2717 urbanis
1060 2658 1219 2742 magistra·

181 2753 290 2829 perio,
312 2743 376 2804 sine
389 2741 576 2823 magistratu.
612 2738 671 2798 lm·
727 2743 809 2801 tibus
832 2745 996 2814 imperaror
1018 2739 1061 2801 est
1077 2745 1220 2823 appella·

181 2834 299 2907 perium
319 2833 413 2911 igitur
431 2833 463 2887 iu
478 2827 555 2884 urbe
578 2826 672 2886 habe·
728 2842 792 2886 tus:
807 2825 858 2885 sed
873 2827 1218 2890 hocnomeniisdunte·

180 2917 259 2976 bant
280 2918 302 2973 ii
322 2927 443 2972 tantum
463 2909 670 2994 magistratus,
726 2927 788 2979 xnt,
805 2915 857 2989 qui
873 2916 1038 2970 exercitum
1055 2911 1219 2984 habereut,

183 3006 239 3081 qui
261 3002 562 3076 vocationemque
587 3017 672 3056 cere·
727 2994 822 3054 tribui
859 2995 982 3054 solitum
1015 2995 1075 3070 efi3
1123 3005 1219 3060 etium

182 3085 260 3145 bant
295 3087 432 3142 minoret
467 3079 670 3162 magistratus.
729 3097 802 3139 aute
833 3101 926 3159 quam
959 3101 994 3139 re
1026 3081 1108 3141 bene
1134 3083 1220 3166 gesta

182 3170 257 3231 Hoc
288 3171 455 3247 imperium
487 3165 550 3225 sine
582 3170 672 3224 armis
728 3168 933 3243 imperatores
954 3165 993 3224 ab
1017 3173 1154 3227 exercitu
1178 3168 1220 3229 st·

182 3270 267 3328 erat3
299 3269 472 3333 propterea
502 3254 672 3311 centuriata
729 3246 1218 3326 lururemur.Imperiumprouin·

172 3341 327 3408 'comitia,
350 3337 439 3416 quod
465 3336 603 3394 aLaelio
618 3335 674 3392 Fe·
730 3337 805 3390 ciale
826 3335 940 3412 duplex
967 3338 1053 3394 snite
1078 3358 1176 3397 unum
1202 3360 1219 3400 a

180 3421 397 3502 licescripturn
412 3421 530 3480 Gellius
546 3422 613 3479 XV.
628 3439 673 3494 ¹7·
730 3417 835 3479 senatu
860 3421 964 3478 datum
988 3441 1024 3477 ex
1047 3418 1118 3503 lege
1143 3420 1221 3484 Cor.

181 3513 316 3578 recitet,
355 3511 436 3565 intra
473 3507 673 3585 pomoerium
731 3505 831 3570 nessa,
861 3503 923 3563 sine
944 3508 1050 3572 armis:
1086 3508 1221 3569 alterum

182 3592 250 3654 fieri
272 3591 359 3653 neser
382 3605 466 3660 erat,
490 3594 562 3670 quia
587 3608 671 3645 exer·
731 3611 748 3647 e
780 3590 901 3668 populo
932 3612 966 3648 ex
1000 3589 1070 3672 lege
1101 3599 1221 3654 curiata

182 3683 277 3739 citum
294 3690 377 3735 extra
393 3675 504 3734 urbem
525 3676 672 3750 imperari
728 3695 797 3734 cum
815 3679 915 3733 armis.
957 3673 1029 3732 Vid.
1046 3679 1129 3754 ep.1.
1146 3687 1223 3759 pin

183 3774 367 3844 oporteret,
388 3762 467 3818 intra
488 3757 597 3816 orbem
616 3761 673 3816 im·
730 3775 879 3818 extremo.
935 3754 1055 3815 Manat.
1154 3817 1157 3821 ,

181 3848 286 3928 peruri
306 3848 433 3904 iutnon
448 3839 530 3902 esset
574 3841 674 3902 Urbe·
772 3865 837 3899 cum
859 3840 1082 3925 imperiosior]
1119 3844 1166 3906 Ita
1189 3851 1221 3910 in

182 3937 215 3994 ni
237 3932 359 4009 imperii
387 3942 510 4004 tempus
532 3931 563 3986 in
587 3933 673 3989 aunis
732 3930 793 3988 Gu.
820 3943 849 3985 et
866 3933 937 3986 edd.
954 3950 1001 4005 pr.
1023 3929 1112 4008 quod
1134 3949 1222 3994 recte

183 4012 407 4102 magistratibus
435 4033 571 4072 annuum
589 4028 674 4086 erat3
731 4011 847 4073 Ernesti
856 4018 973 4092 recepit
983 4036 1041 4093 pro
1053 4013 1134 4092 vulg.
1140 4018 1222 4091 suut.

183 4105 218 4166 in
252 4102 409 4163 dictatore
453 4095 597 4159 semestre
631 4097 674 4159 ad
774 4093 892 4158 Bibulus
930 4134 973 4149 -
1013 4100 1063 4176 qui
1103 4104 1223 4176 priuati
