<?xml version="1.0" encoding="UTF-8"?>
<!DOCTYPE html PUBLIC "-//W3C//DTD XHTML 1.0 Transitional//EN"
    "http://www.w3.org/TR/xhtml1/DTD/xhtml1-transitional.dtd">
<html xmlns="http://www.w3.org/1999/xhtml" xml:lang="en" lang="en">
 <head>
  <title>
</title>
<meta http-equiv="Content-Type" content="text/html;charset=utf-8" />
  <meta name='ocr-system' content='tesseract 3.04.00' />
  <meta name='ocr-capabilities' content='ocr_page ocr_carea ocr_par ocr_line ocrx_word'/>
</head>
<body>
  <div class='ocr_page' id='page_1' title='image "./mtciceronisepis00billgoog/mtciceronisepis00billgoog_0038.png"; bbox 0 0 2506 4808; ppageno 0'>
   <div class='ocr_carea' id='block_1_1' title="bbox 425 306 1131 414">
    <p class='ocr_par' dir='ltr' id='par_1_1' title="bbox 425 306 1131 414">
     <span class='ocr_line' id='line_1_1' title="bbox 425 306 1131 414; baseline 0.021 -40"><span class='ocrx_word' id='word_1_1' title='bbox 425 306 710 381; x_wconf 74' lang='lat' dir='ltr'><strong>EPISTOLA</strong></span> <span class='ocrx_word' id='word_1_2' title='bbox 749 316 801 382; x_wconf 82' lang='lat' dir='ltr'>x.</span> <span class='ocrx_word' id='word_1_3' title='bbox 1087 344 1131 414; x_wconf 52' lang='grc' dir='ltr'>η,</span> 
     </span>
    </p>
   </div>
   <div class='ocr_carea' id='block_1_2' title="bbox 102 490 1132 864">
    <p class='ocr_par' dir='ltr' id='par_1_2' title="bbox 102 490 1132 864">
     <span class='ocr_line' id='line_1_2' title="bbox 102 490 1130 594; baseline 0.019 -37"><span class='ocrx_word' id='word_1_4' title='bbox 102 490 190 557; x_wconf 80' lang='lat' dir='ltr'>Illam</span> <span class='ocrx_word' id='word_1_5' title='bbox 223 492 365 561; x_wconf 78' lang='lat' dir='ltr'>matium</span> <span class='ocrx_word' id='word_1_6' title='bbox 395 506 435 562; x_wconf 86' lang='lat' dir='ltr'>tu</span> <span class='ocrx_word' id='word_1_7' title='bbox 464 496 548 562; x_wconf 87' lang='lat' dir='ltr'>mihi</span> <span class='ocrx_word' id='word_1_8' title='bbox 590 522 670 568; x_wconf 86' lang='lat' dir='ltr'>cura</span> <span class='ocrx_word' id='word_1_9' title='bbox 700 516 740 569; x_wconf 87' lang='lat' dir='ltr'>ut</span> <span class='ocrx_word' id='word_1_10' title='bbox 765 502 930 590; x_wconf 80' lang='lat' dir='ltr'>praestes,</span> <span class='ocrx_word' id='word_1_11' title='bbox 970 516 1130 594; x_wconf 85' lang='lat' dir='ltr'>quoniam</span> 
     </span>
     <span class='ocr_line' id='line_1_3' title="bbox 107 595 1132 695; baseline 0.02 -38"><span class='ocrx_word' id='word_1_12' title='bbox 107 599 239 683; x_wconf 77' lang='lat' dir='ltr'>propius</span> <span class='ocrx_word' id='word_1_13' title='bbox 272 599 373 672; x_wconf 86' lang='lat' dir='ltr'>abes,</span> <span class='ocrx_word' id='word_1_14' title='bbox 403 595 555 687; x_wconf 86' lang='lat' dir='ltr'>Pompeii</span> <span class='ocrx_word' id='word_1_15' title='bbox 578 602 694 694; x_wconf 72' lang='lat' dir='ltr'>oostn&#39;.</span> <span class='ocrx_word' id='word_1_16' title='bbox 751 602 847 695; x_wconf 84' lang='lat' dir='ltr'>Nega</span> <span class='ocrx_word' id='word_1_17' title='bbox 868 628 923 672; x_wconf 86' lang='lat' dir='ltr'>me</span> <span class='ocrx_word' id='word_1_18' title='bbox 951 616 981 674; x_wconf 89' lang='lat' dir='ltr'>ei</span> <span class='ocrx_word' id='word_1_19' title='bbox 1007 617 1132 677; x_wconf 88' lang='lat' dir='ltr'>iratum</span> 
     </span>
     <span class='ocr_line' id='line_1_4' title="bbox 111 698 1132 791; baseline 0.014 -29"><span class='ocrx_word' id='word_1_20' title='bbox 111 698 190 771; x_wconf 84' lang='lat' dir='ltr'>fore,</span> <span class='ocrx_word' id='word_1_21' title='bbox 215 698 238 761; x_wconf 85' lang='lat' dir='ltr'>fi</span> <span class='ocrx_word' id='word_1_22' title='bbox 257 698 298 761; x_wconf 87' lang='lat' dir='ltr'>ad</span> <span class='ocrx_word' id='word_1_23' title='bbox 313 718 388 762; x_wconf 86' lang='lat' dir='ltr'>mea</span> <span class='ocrx_word' id='word_1_24' title='bbox 403 704 539 764; x_wconf 83' lang='lat' dir='ltr'>comitia</span> <span class='ocrx_word' id='word_1_25' title='bbox 561 724 633 767; x_wconf 91' lang='lat' dir='ltr'>non</span> <span class='ocrx_word' id='word_1_26' title='bbox 648 709 790 770; x_wconf 86' lang='lat' dir='ltr'>venerit.</span> <span class='ocrx_word' id='word_1_27' title='bbox 833 704 951 791; x_wconf 80' lang='lat' dir='ltr'><strong>Atque</strong></span> <span class='ocrx_word' id='word_1_28' title='bbox 973 707 1057 775; x_wconf 87' lang='lat' dir='ltr'>haec</span> <span class='ocrx_word' id='word_1_29' title='bbox 1073 710 1132 777; x_wconf 69' lang='lat' dir='ltr'>ho</span> 
     </span>
     <span class='ocr_line' id='line_1_5' title="bbox 114 797 365 864; baseline 0.008 -2"><span class='ocrx_word' id='word_1_30' title='bbox 114 798 248 863; x_wconf 75' lang='lat' dir='ltr'>iusmodi</span> <span class='ocrx_word' id='word_1_31' title='bbox 278 797 365 864; x_wconf 85' lang='lat' dir='ltr'><strong>funt.</strong></span> 
     </span>
    </p>
   </div>
   <div class='ocr_carea' id='block_1_3' title="bbox 89 899 1161 1197">
    <p class='ocr_par' dir='ltr' id='par_1_3' title="bbox 89 899 1161 1197">
     <span class='ocr_line' id='line_1_6' title="bbox 186 899 1161 996; baseline 0.017 -30"><span class='ocrx_word' id='word_1_32' title='bbox 186 899 258 966; x_wconf 89' lang='lat' dir='ltr'>Sed</span> <span class='ocrx_word' id='word_1_33' title='bbox 273 901 338 976; x_wconf 83' lang='lat' dir='ltr'>est,</span> <span class='ocrx_word' id='word_1_34' title='bbox 366 903 456 987; x_wconf 88' lang='lat' dir='ltr'>quod</span> <span class='ocrx_word' id='word_1_35' title='bbox 473 906 532 969; x_wconf 88' lang='lat' dir='ltr'>abs</span> <span class='ocrx_word' id='word_1_36' title='bbox 548 916 582 969; x_wconf 88' lang='lat' dir='ltr'>te</span> <span class='ocrx_word' id='word_1_37' title='bbox 596 905 679 971; x_wconf 87' lang='lat' dir='ltr'>mihi</span> <span class='ocrx_word' id='word_1_38' title='bbox 693 907 821 996; x_wconf 82' lang='lat' dir='ltr'>ignosci</span> <span class='ocrx_word' id='word_1_39' title='bbox 835 910 1011 996; x_wconf 84' lang='lat' dir='ltr'><strong>pervelim.</strong></span> <span class='ocrx_word' id='word_1_40' title='bbox 1050 914 1161 994; x_wconf 81' lang='lat' dir='ltr'>Cae-3</span> 
     </span>
     <span class='ocr_line' id='line_1_7' title="bbox 89 1002 1133 1102; baseline 0.013 -36"><span class='ocrx_word' id='word_1_41' title='bbox 89 1006 94 1017; x_wconf 90' lang='lat'>&#39;</span> <span class='ocrx_word' id='word_1_42' title='bbox 115 1002 218 1091; x_wconf 65' lang='lat' dir='ltr'>cilius,</span> <span class='ocrx_word' id='word_1_43' title='bbox 245 1004 432 1070; x_wconf 84' lang='lat' dir='ltr'>avunculus</span> <span class='ocrx_word' id='word_1_44' title='bbox 450 1018 547 1079; x_wconf 84' lang='lat' dir='ltr'><strong>tuus,</strong></span> <span class='ocrx_word' id='word_1_45' title='bbox 570 1005 638 1071; x_wconf 83' lang='lat' dir='ltr'>aP.</span> <span class='ocrx_word' id='word_1_46' title='bbox 652 1008 755 1073; x_wconf 80' lang='lat' dir='ltr'>Vario</span> <span class='ocrx_word' id='word_1_47' title='bbox 774 1030 878 1092; x_wconf 86' lang='lat' dir='ltr'><strong>quum</strong></span> <span class='ocrx_word' id='word_1_48' title='bbox 893 1034 1017 1100; x_wconf 83' lang='lat' dir='ltr'>magna</span> <span class='ocrx_word' id='word_1_49' title='bbox 1032 1037 1133 1102; x_wconf 88' lang='lat' dir='ltr'>pecu·</span> 
     </span>
     <span class='ocr_line' id='line_1_8' title="bbox 115 1104 1132 1197; baseline 0.01 -26"><span class='ocrx_word' id='word_1_50' title='bbox 115 1108 164 1171; x_wconf 77' lang='lat' dir='ltr'>‘nia</span> <span class='ocrx_word' id='word_1_51' title='bbox 173 1104 400 1182; x_wconf 72' lang='lat' dir='ltr'>fraudaretur,</span> <span class='ocrx_word' id='word_1_52' title='bbox 430 1128 530 1197; x_wconf 81' lang='lat' dir='ltr'>agere</span> <span class='ocrx_word' id='word_1_53' title='bbox 547 1114 659 1196; x_wconf 83' lang='lat' dir='ltr'>coepit</span> <span class='ocrx_word' id='word_1_54' title='bbox 673 1130 752 1174; x_wconf 88' lang='lat' dir='ltr'>cum</span> <span class='ocrx_word' id='word_1_55' title='bbox 774 1116 847 1176; x_wconf 87' lang='lat' dir='ltr'>eius</span> <span class='ocrx_word' id='word_1_56' title='bbox 869 1112 974 1177; x_wconf 77' lang='lat' dir='ltr'>fratre</span> <span class='ocrx_word' id='word_1_57' title='bbox 988 1113 1132 1181; x_wconf 83' lang='lat' dir='ltr'>Caninio</span> 
     </span>
    </p>
   </div>
   <div class='ocr_carea' id='block_1_4' title="bbox 475 1280 749 1310">
    <p class='ocr_par' dir='ltr' id='par_1_4' title="bbox 475 1280 749 1310">
     <span class='ocr_line' id='line_1_9' title="bbox 475 1280 749 1310; baseline 0.004 -1"><span class='ocrx_word' id='word_1_58' title='bbox 475 1280 749 1310; x_wconf 33' lang='lat' dir='ltr'>*w</span> 
     </span>
    </p>
   </div>
   <div class='ocr_carea' id='block_1_5' title="bbox 65 1432 1132 3131">
    <p class='ocr_par' dir='ltr' id='par_1_5' title="bbox 65 1432 1132 3131">
     <span class='ocr_line' id='line_1_10' title="bbox 117 1432 1132 1505; baseline 0.01 -10"><span class='ocrx_word' id='word_1_59' title='bbox 117 1433 178 1496; x_wconf 77' lang='lat' dir='ltr'>fiio</span> <span class='ocrx_word' id='word_1_60' title='bbox 196 1434 306 1497; x_wconf 73' lang='lat' dir='ltr'>urbem</span> <span class='ocrx_word' id='word_1_61' title='bbox 327 1434 476 1497; x_wconf 80' lang='lat' dir='ltr'><strong>redierint</strong></span> <span class='ocrx_word' id='word_1_62' title='bbox 496 1432 587 1493; x_wconf 79' lang='lat' dir='ltr'>multi</span> <span class='ocrx_word' id='word_1_63' title='bbox 644 1434 962 1501; x_wconf 71' lang='lat' dir='ltr'>auctorodoievimuc.</span> <span class='ocrx_word' id='word_1_64' title='bbox 990 1437 1132 1505; x_wconf 77' lang='lat' dir='ltr'>Senehic</span> 
     </span>
     <span class='ocr_line' id='line_1_11' title="bbox 116 1515 877 1603; baseline 0 -22"><span class='ocrx_word' id='word_1_65' title='bbox 116 1520 236 1593; x_wconf 79' lang='lat' dir='ltr'>nobiles,</span> <span class='ocrx_word' id='word_1_66' title='bbox 260 1525 316 1603; x_wconf 85' lang='lat' dir='ltr'>qui</span> <span class='ocrx_word' id='word_1_67' title='bbox 333 1519 451 1595; x_wconf 73' lang='lat' dir='ltr'>absunt,</span> <span class='ocrx_word' id='word_1_68' title='bbox 474 1539 587 1580; x_wconf 81' lang='lat' dir='ltr'>vereor</span> <span class='ocrx_word' id='word_1_69' title='bbox 644 1515 775 1602; x_wconf 79' lang='lat' dir='ltr'>gloffom</span> <span class='ocrx_word' id='word_1_70' title='bbox 790 1520 877 1601; x_wconf 73' lang='lat' dir='ltr'>sapit.</span> 
     </span>
     <span class='ocr_line' id='line_1_12' title="bbox 115 1601 1132 1687; baseline 0.003 -21"><span class='ocrx_word' id='word_1_71' title='bbox 115 1624 151 1666; x_wconf 79' lang='lat' dir='ltr'>no</span> <span class='ocrx_word' id='word_1_72' title='bbox 183 1626 294 1687; x_wconf 80' lang='lat' dir='ltr'>parum</span> <span class='ocrx_word' id='word_1_73' title='bbox 327 1604 433 1665; x_wconf 69' lang='lat' dir='ltr'>firmus</span> <span class='ocrx_word' id='word_1_74' title='bbox 466 1606 587 1664; x_wconf 73' lang='lat' dir='ltr'>intumo</span> <span class='ocrx_word' id='word_1_75' title='bbox 684 1618 715 1678; x_wconf 78' lang='lat'>3.</span> <span class='ocrx_word' id='word_1_76' title='bbox 734 1601 795 1666; x_wconf 84' lang='lat' dir='ltr'>aP.</span> <span class='ocrx_word' id='word_1_77' title='bbox 810 1602 901 1665; x_wconf 80' lang='lat' dir='ltr'>Vario</span> <span class='ocrx_word' id='word_1_78' title='bbox 938 1607 997 1667; x_wconf 88' lang='lat' dir='ltr'>Hic</span> <span class='ocrx_word' id='word_1_79' title='bbox 1008 1606 1132 1669; x_wconf 83' lang='lat' dir='ltr'>videtur</span> 
     </span>
     <span class='ocr_line' id='line_1_13' title="bbox 116 1685 1132 1773; baseline 0.003 -24"><span class='ocrx_word' id='word_1_80' title='bbox 116 1686 161 1749; x_wconf 78' lang='lat' dir='ltr'>iim</span> <span class='ocrx_word' id='word_1_81' title='bbox 173 1690 361 1753; x_wconf 71' lang='lat' dir='ltr'>candidatus.</span> <span class='ocrx_word' id='word_1_82' title='bbox 395 1685 588 1765; x_wconf 68' lang='lat' dir='ltr'>casaubonus·</span> <span class='ocrx_word' id='word_1_83' title='bbox 644 1693 827 1773; x_wconf 80' lang='lat' dir='ltr'><strong>negotiator</strong></span> <span class='ocrx_word' id='word_1_84' title='bbox 846 1692 890 1752; x_wconf 79' lang='lat' dir='ltr'>fu&#39;</span> <span class='ocrx_word' id='word_1_85' title='bbox 918 1713 952 1764; x_wconf 85' lang='lat' dir='ltr'>e,</span> <span class='ocrx_word' id='word_1_86' title='bbox 975 1692 1024 1752; x_wconf 78' lang='lat' dir='ltr'>vel</span> <span class='ocrx_word' id='word_1_87' title='bbox 1043 1713 1132 1755; x_wconf 85' lang='lat' dir='ltr'><strong>num·</strong></span> 
     </span>
     <span class='ocr_line' id='line_1_14' title="bbox 115 1774 1130 1858; baseline 0.003 -23"><span class='ocrx_word' id='word_1_88' title='bbox 115 1774 437 1858; x_wconf 75' lang='lat' dir='ltr'>Etrecteillequidcm.</span> <span class='ocrx_word' id='word_1_89' title='bbox 457 1775 590 1835; x_wconf 84' lang='lat' dir='ltr'>AtGro·</span> <span class='ocrx_word' id='word_1_90' title='bbox 643 1774 1057 1839; x_wconf 69' lang='lat' dir='ltr'>mulariusautfoenerator.</span> <span class='ocrx_word' id='word_1_91' title='bbox 1071 1774 1130 1838; x_wconf 74' lang='lat' dir='ltr'>&#39;Ca-</span> 
     </span>
     <span class='ocr_line' id='line_1_15' title="bbox 116 1858 720 1935; baseline 0.003 -15"><span class='ocrx_word' id='word_1_92' title='bbox 116 1865 212 1922; x_wconf 73' lang='lat' dir='ltr'>novius</span> <span class='ocrx_word' id='word_1_93' title='bbox 231 1865 358 1919; x_wconf 71' lang='lat' dir='ltr'>urbanos</span> <span class='ocrx_word' id='word_1_94' title='bbox 383 1859 466 1921; x_wconf 74' lang='lat' dir='ltr'>malo</span> <span class='ocrx_word' id='word_1_95' title='bbox 488 1858 527 1918; x_wconf 82' lang='lat' dir='ltr'>de</span> <span class='ocrx_word' id='word_1_96' title='bbox 551 1862 587 1919; x_wconf 74' lang='lat' dir='ltr'>iis</span> <span class='ocrx_word' id='word_1_97' title='bbox 636 1860 720 1935; x_wconf 61' lang='grc' dir='ltr'><em>[απὸ.</em></span> 
     </span>
     <span class='ocr_line' id='line_1_16' title="bbox 65 1943 1132 2029; baseline 0.002 -24"><span class='ocrx_word' id='word_1_98' title='bbox 65 2010 67 2017; x_wconf 62' lang='grc'>,</span> <span class='ocrx_word' id='word_1_99' title='bbox 118 1947 265 2019; x_wconf 76' lang='lat' dir='ltr'>intellexit,</span> <span class='ocrx_word' id='word_1_100' title='bbox 280 1950 335 2028; x_wconf 84' lang='lat' dir='ltr'>qui</span> <span class='ocrx_word' id='word_1_101' title='bbox 348 1945 475 2007; x_wconf 76' lang='lat' dir='ltr'>urbanis</span> <span class='ocrx_word' id='word_1_102' title='bbox 490 1943 586 2004; x_wconf 78' lang='lat' dir='ltr'>excel·</span> <span class='ocrx_word' id='word_1_103' title='bbox 686 1966 778 2023; x_wconf 81' lang='lat' dir='ltr'>agere</span> <span class='ocrx_word' id='word_1_104' title='bbox 801 1943 913 2029; x_wconf 80' lang='lat' dir='ltr'>coepit]</span> <span class='ocrx_word' id='word_1_105' title='bbox 957 1946 998 2027; x_wconf 87' lang='lat' dir='ltr'>Q.</span> <span class='ocrx_word' id='word_1_106' title='bbox 1024 1947 1132 2007; x_wconf 76' lang='lat' dir='ltr'>Caeci·</span> 
     </span>
     <span class='ocr_line' id='line_1_17' title="bbox 118 2026 1132 2116; baseline 0.003 -26"><span class='ocrx_word' id='word_1_107' title='bbox 118 2026 172 2091; x_wconf 68' lang='lat' dir='ltr'>lant</span> <span class='ocrx_word' id='word_1_108' title='bbox 197 2030 330 2106; x_wconf 67' lang='lat' dir='ltr'>artibus,</span> <span class='ocrx_word' id='word_1_109' title='bbox 359 2050 427 2096; x_wconf 88' lang='lat' dir='ltr'>non</span> <span class='ocrx_word' id='word_1_110' title='bbox 450 2028 588 2090; x_wconf 70' lang='lat' dir='ltr'>militari·</span> <span class='ocrx_word' id='word_1_111' title='bbox 643 2028 703 2090; x_wconf 75' lang='lat' dir='ltr'>lin·</span> <span class='ocrx_word' id='word_1_112' title='bbox 720 2050 866 2116; x_wconf 74' lang='lat' dir='ltr'><strong>magnam</strong></span> <span class='ocrx_word' id='word_1_113' title='bbox 883 2035 1048 2111; x_wconf 76' lang='lat' dir='ltr'>pecuniam</span> <span class='ocrx_word' id='word_1_114' title='bbox 1065 2052 1132 2093; x_wconf 74' lang='lat' dir='ltr'>cre·</span> 
     </span>
     <span class='ocr_line' id='line_1_18' title="bbox 65 2114 1132 2197; baseline 0.004 -22"><span class='ocrx_word' id='word_1_115' title='bbox 65 2178 67 2185; x_wconf 72' lang='grc'>,</span> <span class='ocrx_word' id='word_1_116' title='bbox 116 2116 175 2175; x_wconf 72' lang='lat' dir='ltr'>iius.</span> <span class='ocrx_word' id='word_1_117' title='bbox 267 2154 270 2159; x_wconf 94' lang='lat'>-</span> <span class='ocrx_word' id='word_1_118' title='bbox 645 2114 767 2177; x_wconf 74' lang='lat' dir='ltr'>diderat</span> <span class='ocrx_word' id='word_1_119' title='bbox 787 2118 821 2176; x_wconf 88' lang='lat' dir='ltr'>P.</span> <span class='ocrx_word' id='word_1_120' title='bbox 836 2117 954 2190; x_wconf 81' lang='lat' dir='ltr'>Vario,</span> <span class='ocrx_word' id='word_1_121' title='bbox 984 2120 1038 2197; x_wconf 86' lang='lat' dir='ltr'>qui</span> <span class='ocrx_word' id='word_1_122' title='bbox 1056 2137 1132 2179; x_wconf 88' lang='lat' dir='ltr'>con·</span> 
     </span>
     <span class='ocr_line' id='line_1_19' title="bbox 65 2197 1132 2285; baseline 0.004 -28"><span class='ocrx_word' id='word_1_123' title='bbox 65 2204 69 2215; x_wconf 94' lang='lat'>&#39;</span> <span class='ocrx_word' id='word_1_124' title='bbox 151 2203 229 2258; x_wconf 82' lang='lat' dir='ltr'>iilam</span> <span class='ocrx_word' id='word_1_125' title='bbox 242 2197 379 2280; x_wconf 81' lang='lat' dir='ltr'><em>manum]</em></span> <span class='ocrx_word' id='word_1_126' title='bbox 422 2197 453 2259; x_wconf 89' lang='lat' dir='ltr'>h.</span> <span class='ocrx_word' id='word_1_127' title='bbox 469 2220 496 2260; x_wconf 84' lang='lat' dir='ltr'>e.</span> <span class='ocrx_word' id='word_1_128' title='bbox 521 2219 588 2274; x_wconf 81' lang='lat' dir='ltr'>eos,</span> <span class='ocrx_word' id='word_1_129' title='bbox 645 2215 746 2262; x_wconf 73' lang='lat' dir='ltr'>tracto</span> <span class='ocrx_word' id='word_1_130' title='bbox 763 2202 873 2285; x_wconf 82' lang='lat' dir='ltr'>grandi</span> <span class='ocrx_word' id='word_1_131' title='bbox 887 2220 960 2262; x_wconf 79' lang='lat' dir='ltr'>aere</span> <span class='ocrx_word' id='word_1_132' title='bbox 973 2201 1132 2273; x_wconf 64' lang='lat' dir='ltr'>clienomt</span> 
     </span>
     <span class='ocr_line' id='line_1_20' title="bbox 121 2284 1130 2366; baseline 0.003 -23"><span class='ocrx_word' id='word_1_133' title='bbox 121 2288 163 2363; x_wconf 85' lang='lat' dir='ltr'>qui</span> <span class='ocrx_word' id='word_1_134' title='bbox 187 2286 375 2366; x_wconf 86' lang='lat' dir='ltr'>Pompeium</span> <span class='ocrx_word' id='word_1_135' title='bbox 405 2285 446 2346; x_wconf 80' lang='lat' dir='ltr'>ed</span> <span class='ocrx_word' id='word_1_136' title='bbox 474 2284 590 2346; x_wconf 81' lang='lat' dir='ltr'>bellum</span> <span class='ocrx_word' id='word_1_137' title='bbox 647 2286 819 2347; x_wconf 78' lang='lat' dir='ltr'>creditores</span> <span class='ocrx_word' id='word_1_138' title='bbox 839 2287 1022 2357; x_wconf 73' lang='lat' dir='ltr'>fraudaret,</span> <span class='ocrx_word' id='word_1_139' title='bbox 1045 2286 1130 2347; x_wconf 74' lang='lat' dir='ltr'>bona</span> 
     </span>
     <span class='ocr_line' id='line_1_21' title="bbox 121 2366 1132 2453; baseline 0.002 -24"><span class='ocrx_word' id='word_1_140' title='bbox 121 2366 350 2431; x_wconf 71' lang='lat' dir='ltr'>Mithridaticum</span> <span class='ocrx_word' id='word_1_141' title='bbox 392 2368 515 2452; x_wconf 85' lang='lat' dir='ltr'>sequuti</span> <span class='ocrx_word' id='word_1_142' title='bbox 558 2389 590 2431; x_wconf 75' lang='lat' dir='ltr'>o·</span> <span class='ocrx_word' id='word_1_143' title='bbox 644 2369 696 2431; x_wconf 80' lang='lat' dir='ltr'>sue</span> <span class='ocrx_word' id='word_1_144' title='bbox 715 2369 791 2453; x_wconf 85' lang='lat' dir='ltr'>[scil.</span> <span class='ocrx_word' id='word_1_145' title='bbox 804 2390 872 2433; x_wconf 90' lang='lat' dir='ltr'>non</span> <span class='ocrx_word' id='word_1_146' title='bbox 885 2376 992 2432; x_wconf 79' lang='lat' dir='ltr'>omnia</span> <span class='ocrx_word' id='word_1_147' title='bbox 1007 2369 1060 2431; x_wconf 82' lang='lat' dir='ltr'>sed</span> <span class='ocrx_word' id='word_1_148' title='bbox 1074 2371 1132 2431; x_wconf 89' lang='lat' dir='ltr'>bo·</span> 
     </span>
     <span class='ocr_line' id='line_1_22' title="bbox 118 2454 1132 2537; baseline 0.004 -26"><span class='ocrx_word' id='word_1_149' title='bbox 118 2472 192 2528; x_wconf 72' lang='lat' dir='ltr'>rent,</span> <span class='ocrx_word' id='word_1_150' title='bbox 227 2454 371 2516; x_wconf 74' lang='lat' dir='ltr'>homines</span> <span class='ocrx_word' id='word_1_151' title='bbox 398 2455 522 2518; x_wconf 68' lang='lat' dir='ltr'>nobiles</span> <span class='ocrx_word' id='word_1_152' title='bbox 559 2471 591 2517; x_wconf 81' lang='lat' dir='ltr'>et</span> <span class='ocrx_word' id='word_1_153' title='bbox 644 2475 717 2516; x_wconf 79' lang='lat' dir='ltr'>nam</span> <span class='ocrx_word' id='word_1_154' title='bbox 732 2476 842 2517; x_wconf 82' lang='lat' dir='ltr'>eorum</span> <span class='ocrx_word' id='word_1_155' title='bbox 859 2457 997 2537; x_wconf 82' lang='lat' dir='ltr'>portem]</span> <span class='ocrx_word' id='word_1_156' title='bbox 1016 2458 1132 2516; x_wconf 81' lang='lat' dir='ltr'>monci·</span> 
     </span>
     <span class='ocr_line' id='line_1_23' title="bbox 65 2537 1130 2625; baseline 0.003 -28"><span class='ocrx_word' id='word_1_157' title='bbox 65 2580 67 2625; x_wconf 68' lang='lat' dir='ltr'>i</span> <span class='ocrx_word' id='word_1_158' title='bbox 121 2537 245 2620; x_wconf 86' lang='lat' dir='ltr'>Pompeii</span> <span class='ocrx_word' id='word_1_159' title='bbox 273 2543 459 2601; x_wconf 74' lang='lat' dir='ltr'>auctoritate</span> <span class='ocrx_word' id='word_1_160' title='bbox 485 2541 588 2603; x_wconf 79' lang='lat' dir='ltr'>fultos.</span> <span class='ocrx_word' id='word_1_161' title='bbox 644 2545 699 2620; x_wconf 84' lang='lat' dir='ltr'>pio</span> <span class='ocrx_word' id='word_1_162' title='bbox 726 2541 858 2602; x_wconf 77' lang='lat' dir='ltr'>dederat</span> <span class='ocrx_word' id='word_1_163' title='bbox 880 2543 1011 2603; x_wconf 82' lang='lat' dir='ltr'>Caninio</span> <span class='ocrx_word' id='word_1_164' title='bbox 1032 2542 1130 2601; x_wconf 74' lang='lat' dir='ltr'>fratri.</span> 
     </span>
     <span class='ocr_line' id='line_1_24' title="bbox 65 2624 1129 2708; baseline 0.003 -26"><span class='ocrx_word' id='word_1_165' title='bbox 65 2636 68 2693; x_wconf 78' lang='grc' dir='ltr'><em>ξ</em></span> <span class='ocrx_word' id='word_1_166' title='bbox 153 2637 262 2684; x_wconf 77' lang='lat' dir='ltr'>curant</span> <span class='ocrx_word' id='word_1_167' title='bbox 277 2625 420 2708; x_wconf 77' lang='lat' dir='ltr'>praestes]</span> <span class='ocrx_word' id='word_1_168' title='bbox 457 2629 477 2686; x_wconf 91' lang='lat' dir='ltr'>i.</span> <span class='ocrx_word' id='word_1_169' title='bbox 495 2647 522 2687; x_wconf 81' lang='lat' dir='ltr'>o.</span> <span class='ocrx_word' id='word_1_170' title='bbox 539 2626 590 2686; x_wconf 78' lang='lat' dir='ltr'>sac</span> <span class='ocrx_word' id='word_1_171' title='bbox 644 2626 685 2685; x_wconf 87' lang='lat' dir='ltr'>Et</span> <span class='ocrx_word' id='word_1_172' title='bbox 703 2630 853 2706; x_wconf 80' lang='lat' dir='ltr'>quoniam</span> <span class='ocrx_word' id='word_1_173' title='bbox 872 2624 956 2687; x_wconf 79' lang='lat' dir='ltr'>bono</span> <span class='ocrx_word' id='word_1_174' title='bbox 972 2630 1129 2704; x_wconf 73' lang='lat' dir='ltr'>mancipio</span> 
     </span>
     <span class='ocr_line' id='line_1_25' title="bbox 65 2707 1131 2792; baseline 0.002 -26"><span class='ocrx_word' id='word_1_175' title='bbox 65 2724 67 2779; x_wconf 67' lang='grc' dir='ltr'>ι</span> <span class='ocrx_word' id='word_1_176' title='bbox 122 2710 224 2769; x_wconf 73' lang='lat' dir='ltr'>etmihi</span> <span class='ocrx_word' id='word_1_177' title='bbox 239 2732 348 2771; x_wconf 78' lang='lat' dir='ltr'>caveas</span> <span class='ocrx_word' id='word_1_178' title='bbox 365 2710 404 2771; x_wconf 78' lang='lat' dir='ltr'>ab</span> <span class='ocrx_word' id='word_1_179' title='bbox 419 2707 479 2771; x_wconf 73' lang='lat' dir='ltr'>istis</span> <span class='ocrx_word' id='word_1_180' title='bbox 496 2712 589 2770; x_wconf 89' lang='lat' dir='ltr'>Pom·</span> <span class='ocrx_word' id='word_1_181' title='bbox 646 2726 773 2792; x_wconf 80' lang='lat' dir='ltr'>occepta</span> <span class='ocrx_word' id='word_1_182' title='bbox 794 2714 892 2771; x_wconf 82' lang='lat' dir='ltr'>evinci</span> <span class='ocrx_word' id='word_1_183' title='bbox 911 2726 965 2769; x_wconf 82' lang='lat' dir='ltr'>aut</span> <span class='ocrx_word' id='word_1_184' title='bbox 983 2710 1131 2769; x_wconf 86' lang='lat' dir='ltr'>vindicari</span> 
     </span>
     <span class='ocr_line' id='line_1_26' title="bbox 65 2782 1129 2875; baseline 0.004 -24"><span class='ocrx_word' id='word_1_185' title='bbox 65 2782 68 2863; x_wconf 69' lang='lat' dir='ltr'>l</span> <span class='ocrx_word' id='word_1_186' title='bbox 122 2799 170 2871; x_wconf 86' lang='lat' dir='ltr'>peii</span> <span class='ocrx_word' id='word_1_187' title='bbox 183 2793 307 2869; x_wconf 78' lang='lat' dir='ltr'>affeclis,</span> <span class='ocrx_word' id='word_1_188' title='bbox 331 2815 373 2855; x_wconf 82' lang='lat' dir='ltr'>ne</span> <span class='ocrx_word' id='word_1_189' title='bbox 389 2815 445 2856; x_wconf 83' lang='lat' dir='ltr'>eos</span> <span class='ocrx_word' id='word_1_190' title='bbox 461 2815 589 2875; x_wconf 89' lang='lat' dir='ltr'>compe·</span> <span class='ocrx_word' id='word_1_191' title='bbox 645 2810 877 2874; x_wconf 78' lang='lat' dir='ltr'>nonpotorant,</span> <span class='ocrx_word' id='word_1_192' title='bbox 892 2792 949 2854; x_wconf 76' lang='lat' dir='ltr'>nisi</span> <span class='ocrx_word' id='word_1_193' title='bbox 957 2793 1034 2854; x_wconf 89' lang='lat' dir='ltr'>dolo</span> <span class='ocrx_word' id='word_1_194' title='bbox 1044 2795 1129 2855; x_wconf 83' lang='lat' dir='ltr'>malo</span> 
     </span>
     <span class='ocr_line' id='line_1_27' title="bbox 65 2874 1131 2959; baseline -0.001 -20"><span class='ocrx_word' id='word_1_195' title='bbox 65 2874 68 2939; x_wconf 82' lang='grc' dir='ltr'><em>ἷ</em></span> <span class='ocrx_word' id='word_1_196' title='bbox 123 2884 211 2941; x_wconf 75' lang='lat' dir='ltr'>litores</span> <span class='ocrx_word' id='word_1_197' title='bbox 238 2879 381 2941; x_wconf 77' lang='lat' dir='ltr'>habeam.</span> <span class='ocrx_word' id='word_1_198' title='bbox 433 2875 590 2956; x_wconf 79' lang='lat' dir='ltr'>Praestare</span> <span class='ocrx_word' id='word_1_199' title='bbox 646 2896 774 2959; x_wconf 76' lang='lat' dir='ltr'>occepta</span> <span class='ocrx_word' id='word_1_200' title='bbox 789 2876 952 2951; x_wconf 80' lang='lat' dir='ltr'>constaret,</span> <span class='ocrx_word' id='word_1_201' title='bbox 974 2880 1048 2938; x_wconf 83' lang='lat' dir='ltr'>ideo</span> <span class='ocrx_word' id='word_1_202' title='bbox 1066 2899 1131 2938; x_wconf 84' lang='lat' dir='ltr'>cre·</span> 
     </span>
     <span class='ocr_line' id='line_1_28' title="bbox 65 2948 1130 3048; baseline 0.003 -26"><span class='ocrx_word' id='word_1_203' title='bbox 65 2948 68 3017; x_wconf 75' lang='grc'><strong>1</strong></span> <span class='ocrx_word' id='word_1_204' title='bbox 124 2968 187 3022; x_wconf 77' lang='lat' dir='ltr'>enim</span> <span class='ocrx_word' id='word_1_205' title='bbox 200 2985 267 3026; x_wconf 88' lang='lat' dir='ltr'>non</span> <span class='ocrx_word' id='word_1_206' title='bbox 281 2963 325 3024; x_wconf 84' lang='lat' dir='ltr'>est</span> <span class='ocrx_word' id='word_1_207' title='bbox 339 2963 369 3024; x_wconf 92' lang='lat' dir='ltr'>h.</span> <span class='ocrx_word' id='word_1_208' title='bbox 381 2963 401 3023; x_wconf 92' lang='lat' dir='ltr'>l.</span> <span class='ocrx_word' id='word_1_209' title='bbox 418 2968 587 3038; x_wconf 82' lang='lat' dir='ltr'>conciliare,</span> <span class='ocrx_word' id='word_1_210' title='bbox 646 2964 762 3024; x_wconf 80' lang='lat' dir='ltr'>ditores</span> <span class='ocrx_word' id='word_1_211' title='bbox 773 2984 866 3048; x_wconf 82' lang='lat' dir='ltr'>ogero</span> <span class='ocrx_word' id='word_1_212' title='bbox 878 2978 1130 3042; x_wconf 80' lang='lat' dir='ltr'>coeperuntcum</span> 
     </span>
     <span class='ocr_line' id='line_1_29' title="bbox 65 3048 1131 3131; baseline 0.005 -27"><span class='ocrx_word' id='word_1_213' title='bbox 65 3074 67 3083; x_wconf 91' lang='grc'><em>·</em></span> <span class='ocrx_word' id='word_1_214' title='bbox 121 3062 146 3106; x_wconf 83' lang='lat' dir='ltr'>ut</span> <span class='ocrx_word' id='word_1_215' title='bbox 157 3049 313 3111; x_wconf 75' lang='lat' dir='ltr'>Corradus</span> <span class='ocrx_word' id='word_1_216' title='bbox 329 3049 470 3131; x_wconf 78' lang='lat' dir='ltr'><strong>putabat.</strong></span> <span class='ocrx_word' id='word_1_217' title='bbox 512 3052 589 3111; x_wconf 87' lang='lat' dir='ltr'>Non</span> <span class='ocrx_word' id='word_1_218' title='bbox 646 3050 794 3121; x_wconf 79' lang='lat' dir='ltr'>Caninio,</span> <span class='ocrx_word' id='word_1_219' title='bbox 825 3048 913 3129; x_wconf 91' lang='lat' dir='ltr'>quod</span> <span class='ocrx_word' id='word_1_220' title='bbox 927 3053 951 3108; x_wconf 87' lang='lat' dir='ltr'>is</span> <span class='ocrx_word' id='word_1_221' title='bbox 972 3049 1048 3109; x_wconf 88' lang='lat' dir='ltr'>dolo</span> <span class='ocrx_word' id='word_1_222' title='bbox 1066 3071 1131 3109; x_wconf 79' lang='lat' dir='ltr'>ma·</span> 
     </span>
    </p>
   </div>
   <div class='ocr_carea' id='block_1_6' title="bbox 65 3130 1248 3196">
    <p class='ocr_par' dir='ltr' id='par_1_6' title="bbox 65 3130 1248 3196">
     <span class='ocr_line' id='line_1_30' title="bbox 65 3130 1248 3196; baseline 0.001 -4"><span class='ocrx_word' id='word_1_223' title='bbox 65 3150 67 3155; x_wconf 86' lang='lat'>·</span> <span class='ocrx_word' id='word_1_224' title='bbox 123 3138 185 3193; x_wconf 76' lang='lat' dir='ltr'>enim</span> <span class='ocrx_word' id='word_1_225' title='bbox 199 3136 312 3196; x_wconf 87' lang='lat' dir='ltr'>Cicero</span> <span class='ocrx_word' id='word_1_226' title='bbox 336 3133 376 3193; x_wconf 83' lang='lat' dir='ltr'>ob</span> <span class='ocrx_word' id='word_1_227' title='bbox 398 3133 458 3194; x_wconf 82' lang='lat' dir='ltr'>istis</span> <span class='ocrx_word' id='word_1_228' title='bbox 475 3135 588 3195; x_wconf 87' lang='lat' dir='ltr'>nobili·</span> <span class='ocrx_word' id='word_1_229' title='bbox 645 3133 679 3193; x_wconf 92' lang='lat' dir='ltr'>lo</span> <span class='ocrx_word' id='word_1_230' title='bbox 707 3139 738 3193; x_wconf 91' lang='lat' dir='ltr'>in</span> <span class='ocrx_word' id='word_1_231' title='bbox 768 3134 911 3194; x_wconf 80' lang='lat' dir='ltr'>fraudem</span> <span class='ocrx_word' id='word_1_232' title='bbox 942 3150 974 3193; x_wconf 83' lang='lat' dir='ltr'>et</span> <span class='ocrx_word' id='word_1_233' title='bbox 1003 3138 1131 3195; x_wconf 76' lang='lat' dir='ltr'>circom-</span> <span class='ocrx_word' id='word_1_234' title='bbox 1243 3130 1248 3140; x_wconf 83' lang='lat'>&#39;</span> 
     </span>
    </p>
   </div>
   <div class='ocr_carea' id='block_1_7' title="bbox 113 3211 1133 4151">
    <p class='ocr_par' dir='ltr' id='par_1_7' title="bbox 113 3211 1132 3712">
     <span class='ocr_line' id='line_1_31' title="bbox 121 3211 1131 3301; baseline 0.005 -27"><span class='ocrx_word' id='word_1_235' title='bbox 121 3211 164 3278; x_wconf 69' lang='lat' dir='ltr'>but</span> <span class='ocrx_word' id='word_1_236' title='bbox 177 3220 320 3301; x_wconf 79' lang='lat' dir='ltr'>Pompeii</span> <span class='ocrx_word' id='word_1_237' title='bbox 342 3217 436 3279; x_wconf 77' lang='lat' dir='ltr'>castre</span> <span class='ocrx_word' id='word_1_238' title='bbox 453 3217 587 3301; x_wconf 76' lang='lat' dir='ltr'>sequutis</span> <span class='ocrx_word' id='word_1_239' title='bbox 644 3216 842 3299; x_wconf 76' lang='lat' dir='ltr'>scriptionem</span> <span class='ocrx_word' id='word_1_240' title='bbox 877 3217 1014 3298; x_wconf 86' lang='lat' dir='ltr'>ipsorum</span> <span class='ocrx_word' id='word_1_241' title='bbox 1044 3222 1131 3280; x_wconf 82' lang='lat' dir='ltr'>Varii</span> 
     </span>
     <span class='ocr_line' id='line_1_32' title="bbox 116 3297 1130 3389; baseline 0.005 -30"><span class='ocrx_word' id='word_1_242' title='bbox 116 3297 244 3389; x_wconf 67' lang='lat' dir='ltr'>suffragia</span> <span class='ocrx_word' id='word_1_243' title='bbox 265 3303 413 3385; x_wconf 76' lang='lat' dir='ltr'>petebat,</span> <span class='ocrx_word' id='word_1_244' title='bbox 434 3302 589 3365; x_wconf 76' lang='lat' dir='ltr'>sedvero·</span> <span class='ocrx_word' id='word_1_245' title='bbox 644 3303 731 3364; x_wconf 82' lang='lat' dir='ltr'>bona</span> <span class='ocrx_word' id='word_1_246' title='bbox 764 3307 920 3382; x_wconf 87' lang='lat' dir='ltr'>mancipio</span> <span class='ocrx_word' id='word_1_247' title='bbox 950 3303 1130 3383; x_wconf 81' lang='lat' dir='ltr'>accepiss&#39;et,</span> 
     </span>
     <span class='ocr_line' id='line_1_33' title="bbox 121 3382 1131 3468; baseline 0.005 -24"><span class='ocrx_word' id='word_1_248' title='bbox 121 3382 210 3464; x_wconf 75' lang='lat' dir='ltr'>betur,</span> <span class='ocrx_word' id='word_1_249' title='bbox 240 3408 282 3451; x_wconf 79' lang='lat' dir='ltr'>ne</span> <span class='ocrx_word' id='word_1_250' title='bbox 304 3386 327 3448; x_wconf 81' lang='lat' dir='ltr'><strong>fi</strong></span> <span class='ocrx_word' id='word_1_251' title='bbox 350 3389 485 3449; x_wconf 78' lang='lat' dir='ltr'>Romam</span> <span class='ocrx_word' id='word_1_252' title='bbox 506 3394 589 3451; x_wconf 80' lang='lat' dir='ltr'>veni·</span> <span class='ocrx_word' id='word_1_253' title='bbox 646 3408 729 3468; x_wconf 79' lang='lat' dir='ltr'>quoe</span> <span class='ocrx_word' id='word_1_254' title='bbox 751 3394 832 3449; x_wconf 79' lang='lat' dir='ltr'>actio</span> <span class='ocrx_word' id='word_1_255' title='bbox 857 3388 1060 3449; x_wconf 81' lang='lat' dir='ltr'>creditoribus</span> <span class='ocrx_word' id='word_1_256' title='bbox 1077 3390 1131 3467; x_wconf 69' lang='lat' dir='ltr'>do·</span> 
     </span>
     <span class='ocr_line' id='line_1_34' title="bbox 113 3473 1130 3556; baseline 0.002 -25"><span class='ocrx_word' id='word_1_257' title='bbox 113 3478 189 3548; x_wconf 63' lang='lat' dir='ltr'>ient,</span> <span class='ocrx_word' id='word_1_258' title='bbox 227 3490 260 3535; x_wconf 83' lang='lat' dir='ltr'>ot</span> <span class='ocrx_word' id='word_1_259' title='bbox 284 3473 477 3534; x_wconf 76' lang='lat' dir='ltr'>consulatum</span> <span class='ocrx_word' id='word_1_260' title='bbox 500 3491 589 3556; x_wconf 79' lang='lat' dir='ltr'>pete·</span> <span class='ocrx_word' id='word_1_261' title='bbox 646 3474 740 3533; x_wconf 77' lang='lat' dir='ltr'>betur</span> <span class='ocrx_word' id='word_1_262' title='bbox 770 3494 807 3533; x_wconf 88' lang='lat' dir='ltr'>ex</span> <span class='ocrx_word' id='word_1_263' title='bbox 837 3474 942 3535; x_wconf 80' lang='lat' dir='ltr'>edicto</span> <span class='ocrx_word' id='word_1_264' title='bbox 965 3475 1130 3535; x_wconf 72' lang='lat' dir='ltr'>Praetoris.</span> 
     </span>
     <span class='ocr_line' id='line_1_35' title="bbox 119 3554 1132 3642; baseline 0 -23"><span class='ocrx_word' id='word_1_265' title='bbox 119 3574 189 3634; x_wconf 82' lang='lat' dir='ltr'>rent,</span> <span class='ocrx_word' id='word_1_266' title='bbox 216 3558 269 3621; x_wconf 76' lang='lat' dir='ltr'>sua</span> <span class='ocrx_word' id='word_1_267' title='bbox 284 3555 378 3641; x_wconf 71' lang='lat' dir='ltr'>ipsius</span> <span class='ocrx_word' id='word_1_268' title='bbox 394 3564 504 3641; x_wconf 79' lang='lat' dir='ltr'>petitio</span> <span class='ocrx_word' id='word_1_269' title='bbox 527 3564 590 3622; x_wconf 87' lang='lat' dir='ltr'>vin·</span> <span class='ocrx_word' id='word_1_270' title='bbox 646 3554 771 3634; x_wconf 81' lang='lat' dir='ltr'>Popma.</span> <span class='ocrx_word' id='word_1_271' title='bbox 805 3558 865 3620; x_wconf 85' lang='lat' dir='ltr'>Illo</span> <span class='ocrx_word' id='word_1_272' title='bbox 880 3574 1024 3638; x_wconf 81' lang='lat' dir='ltr'>tempore</span> <span class='ocrx_word' id='word_1_273' title='bbox 1039 3579 1132 3642; x_wconf 78' lang='lat' dir='ltr'>ogen-</span> 
     </span>
     <span class='ocr_line' id='line_1_36' title="bbox 121 3643 1130 3712; baseline -0.001 -8"><span class='ocrx_word' id='word_1_274' title='bbox 121 3660 234 3707; x_wconf 73' lang='lat' dir='ltr'>teretur.</span> <span class='ocrx_word' id='word_1_275' title='bbox 311 3668 316 3675; x_wconf 96' lang='lat'>·</span> <span class='ocrx_word' id='word_1_276' title='bbox 647 3644 721 3703; x_wconf 87' lang='lat' dir='ltr'>dum</span> <span class='ocrx_word' id='word_1_277' title='bbox 745 3660 812 3704; x_wconf 83' lang='lat' dir='ltr'>erat</span> <span class='ocrx_word' id='word_1_278' title='bbox 832 3647 953 3705; x_wconf 79' lang='lat' dir='ltr'>actione</span> <span class='ocrx_word' id='word_1_279' title='bbox 980 3644 1020 3702; x_wconf 80' lang='lat' dir='ltr'>de</span> <span class='ocrx_word' id='word_1_280' title='bbox 1041 3643 1130 3712; x_wconf 91' lang='lat' dir='ltr'>dolo,</span> 
     </span>
    </p>

    <p class='ocr_par' dir='ltr' id='par_1_8' title="bbox 124 3725 1133 3964">
     <span class='ocr_line' id='line_1_37' title="bbox 151 3725 1133 3811; baseline -0.002 -24"><span class='ocrx_word' id='word_1_281' title='bbox 151 3728 500 3811; x_wconf 76' lang='lat' dir='ltr'>quoniampropiusabes]</span> <span class='ocrx_word' id='word_1_282' title='bbox 521 3748 590 3790; x_wconf 86' lang='lat' dir='ltr'>non</span> <span class='ocrx_word' id='word_1_283' title='bbox 646 3733 731 3789; x_wconf 81' lang='lat' dir='ltr'>cuius</span> <span class='ocrx_word' id='word_1_284' title='bbox 749 3733 875 3790; x_wconf 81' lang='lat' dir='ltr'>actionis</span> <span class='ocrx_word' id='word_1_285' title='bbox 899 3744 1009 3789; x_wconf 77' lang='lat' dir='ltr'>auctor</span> <span class='ocrx_word' id='word_1_286' title='bbox 1024 3725 1133 3807; x_wconf 80' lang='lat' dir='ltr'>Aquil-</span> 
     </span>
     <span class='ocr_line' id='line_1_38' title="bbox 124 3809 1132 3896; baseline -0.004 -23"><span class='ocrx_word' id='word_1_287' title='bbox 124 3809 253 3891; x_wconf 62' lang='lat' dir='ltr'>chorbe,</span> <span class='ocrx_word' id='word_1_288' title='bbox 277 3814 333 3877; x_wconf 82' lang='lat' dir='ltr'>sed</span> <span class='ocrx_word' id='word_1_289' title='bbox 349 3837 367 3876; x_wconf 80' lang='lat' dir='ltr'>a</span> <span class='ocrx_word' id='word_1_290' title='bbox 382 3816 524 3896; x_wconf 82' lang='lat' dir='ltr'>Pompeii</span> <span class='ocrx_word' id='word_1_291' title='bbox 540 3835 589 3874; x_wconf 85' lang='lat' dir='ltr'>ca·</span> <span class='ocrx_word' id='word_1_292' title='bbox 645 3813 713 3874; x_wconf 83' lang='lat' dir='ltr'>lius.</span> <span class='ocrx_word' id='word_1_293' title='bbox 756 3814 832 3873; x_wconf 80' lang='lat' dir='ltr'>Eam</span> <span class='ocrx_word' id='word_1_294' title='bbox 848 3815 960 3876; x_wconf 86' lang='lat' dir='ltr'>Cicero</span> <span class='ocrx_word' id='word_1_295' title='bbox 979 3820 1132 3872; x_wconf 80' lang='lat' dir='ltr'>everricu-</span> 
     </span>
     <span class='ocr_line' id='line_1_39' title="bbox 126 3890 1132 3964; baseline -0.001 -8"><span class='ocrx_word' id='word_1_296' title='bbox 126 3890 180 3959; x_wconf 70' lang='lat' dir='ltr'><strong>Rn&#39;n.</strong></span> <span class='ocrx_word' id='word_1_297' title='bbox 213 3956 219 3964; x_wconf 82' lang='grc'><strong><em>,</em></strong></span> <span class='ocrx_word' id='word_1_298' title='bbox 646 3898 712 3959; x_wconf 86' lang='lat' dir='ltr'>lum</span> <span class='ocrx_word' id='word_1_299' title='bbox 727 3906 866 3959; x_wconf 87' lang='lat' dir='ltr'>omnium</span> <span class='ocrx_word' id='word_1_300' title='bbox 882 3900 1066 3958; x_wconf 77' lang='lat' dir='ltr'>malitiarum</span> <span class='ocrx_word' id='word_1_301' title='bbox 1077 3916 1132 3955; x_wconf 91' lang='lat' dir='ltr'>vo·</span> 
     </span>
    </p>

    <p class='ocr_par' dir='ltr' id='par_1_9' title="bbox 118 3979 1132 4151">
     <span class='ocr_line' id='line_1_40' title="bbox 153 3979 1132 4067; baseline 0 -29"><span class='ocrx_word' id='word_1_302' title='bbox 153 3979 283 4059; x_wconf 79' lang='lat' dir='ltr'>Pompeii</span> <span class='ocrx_word' id='word_1_303' title='bbox 296 3983 401 4065; x_wconf 71' lang='lat' dir='ltr'>nostri]</span> <span class='ocrx_word' id='word_1_304' title='bbox 420 3983 525 4067; x_wconf 81' lang='lat' dir='ltr'>Vulgo</span> <span class='ocrx_word' id='word_1_305' title='bbox 536 3983 590 4043; x_wconf 79' lang='lat' dir='ltr'>ad·</span> <span class='ocrx_word' id='word_1_306' title='bbox 647 3998 696 4044; x_wconf 80' lang='lat' dir='ltr'>cat</span> <span class='ocrx_word' id='word_1_307' title='bbox 712 4004 777 4045; x_wconf 86' lang='lat' dir='ltr'>non</span> <span class='ocrx_word' id='word_1_308' title='bbox 792 4004 857 4045; x_wconf 85' lang='lat' dir='ltr'>uno</span> <span class='ocrx_word' id='word_1_309' title='bbox 869 3983 948 4046; x_wconf 90' lang='lat' dir='ltr'>·loco</span> <span class='ocrx_word' id='word_1_310' title='bbox 963 3997 997 4041; x_wconf 88' lang='lat' dir='ltr'>ut</span> <span class='ocrx_word' id='word_1_311' title='bbox 1011 3980 1132 4040; x_wconf 82' lang='lat' dir='ltr'>deNot.</span> 
     </span>
     <span class='ocr_line' id='line_1_41' title="bbox 118 4061 1132 4151; baseline -0.003 -23"><span class='ocrx_word' id='word_1_312' title='bbox 118 4061 190 4128; x_wconf 75' lang='lat' dir='ltr'>&#39;ditm</span> <span class='ocrx_word' id='word_1_313' title='bbox 214 4073 320 4143; x_wconf 81' lang='lat' dir='ltr'>amici,</span> <span class='ocrx_word' id='word_1_314' title='bbox 349 4068 440 4151; x_wconf 86' lang='lat' dir='ltr'>quod</span> <span class='ocrx_word' id='word_1_315' title='bbox 458 4070 588 4132; x_wconf 80' lang='lat' dir='ltr'>Mureto</span> <span class='ocrx_word' id='word_1_316' title='bbox 647 4069 737 4132; x_wconf 82' lang='lat' dir='ltr'>deor.</span> <span class='ocrx_word' id='word_1_317' title='bbox 758 4069 812 4132; x_wconf 89' lang='grc'><strong>111.</strong></span> <span class='ocrx_word' id='word_1_318' title='bbox 843 4082 897 4145; x_wconf 78' lang='lat'>50.</span> <span class='ocrx_word' id='word_1_319' title='bbox 952 4069 995 4128; x_wconf 84' lang='lat' dir='ltr'>At</span> <span class='ocrx_word' id='word_1_320' title='bbox 1021 4062 1132 4147; x_wconf 76' lang='lat' dir='ltr'>postea</span> 
     </span>
    </p>
   </div>
   <div class='ocr_carea' id='block_1_8' title="bbox 0 0 1259 4808">
    <p class='ocr_par' dir='ltr' id='par_1_10' title="bbox 0 0 1259 4808">
     <span class='ocr_line' id='line_1_42' title="bbox 0 0 1259 4808; baseline 0 0"><span class='ocrx_word' id='word_1_321' title='bbox 0 0 1259 4808; x_wconf 95' lang='lat' dir='ltr'> </span> 
     </span>
    </p>
   </div>
  </div>
 </body>
</html>
