2506 4808
161 327 207 409 ,4
454 310 743 389 muscouu
792 312 905 385 ccx.

282 512 569 586 EPISTOLA
616 510 720 582 CIX.
773 505 897 606 (Att.
926 509 1000 581 lV.
1026 511 1092 602 6.)

289 678 411 760 Scripta
429 681 460 737 in
475 673 562 752 villu,
583 675 736 737 incertum
751 694 813 757 qun
828 673 866 736 A.
880 671 920 737 U.
940 674 977 735 C.
995 669 1076 754 697.

164 831 288 896 'Lutati
304 831 441 902 flaminis
455 839 581 889 mortem
600 836 632 886 et
647 828 719 904 suae
739 829 821 886 uitae
833 826 863 883 in
879 827 935 884 hac
950 828 1130 900 republica
1144 824 1215 898 soe·

208 937 335 996 «litatem
351 936 490 1008 deplorat
515 952 540 993 1.
567 926 782 1007 Hortensiana,
804 948 876 1005 quae
889 925 1005 985 Autem
1018 931 1061 986 ab
1077 928 1218 1005 eoscrt'lt'

206 1038 360 1107 uoluerat,
387 1040 533 1094 detrectat
555 1048 585 1093 ις
627 1031 783 1108 epistolum
803 1034 843 1087 ud
863 1025 1020 1087 Lucceium
1039 1029 1171 1108 mc'ssam
1187 1041 1218 1090 ut

165 1176 169 1183 -
206 1140 307 1216 legat,
343 1147 375 1195 ut
395 1141 515 1194 domum
531 1134 619 1210 suum
640 1133 762 1208 invisat,
795 1143 826 1189 et
851 1127 990 1208 Vestorio
1004 1130 1069 1206 suo
1092 1135 1218 1193 nomine

209 1239 329 1322 aliquid
336 1236 508 1316 significet,
528 1236 615 1310 petit.
636 1245 667 1308 5.

380 1413 592 1485 CICERO
644 1412 891 1491 ATTICO,
943 1411 984 1485 S.

270 1569 325 1635 Dc
345 1567 493 1633 Lentulo
516 1565 641 1634 scilicet
664 1563 705 1633 fic
728 1565 820 1642 lere,
850 1578 888 1632 ut
912 1564 1035 1632 debeo.
1085 1566 1214 1636 Virum

166 1679 313 1746 bonum,
336 1682 369 1735 ct
384 1691 544 1758 magnum
558 1666 753 1741 hominem,
773 1679 807 1732 et
828 1672 864 1733 in
889 1664 1015 1733 summu
1038 1676 1215 1761 magnitu-

166 1778 246 1842 dine
263 1777 365 1840 cnimi
381 1771 484 1836 multa
499 1769 708 1837 humanitate
725 1781 953 1858 temperatum
967 1768 1213 1863 perdidimus;

166 1898 300 1963 nosque
313 1872 402 1940 malo
417 1872 548 1946 solatio,
571 1869 627 1937 scd
641 1868 807 1936 nonnullo
825 1882 957 1945 tamen,
977 1868 1215 1947 consolamur,

167 1978 257 2066 quod
282 1974 380 2065 ipfius
407 1978 516 2039 vicem
538 1977 676 2038 minime
698 1970 871 2045 dolemus,
894 1994 963 2038 uon
983 1983 1022 2037 ut
1043 1969 1212 2041 Saufeius

166 2093 201 2146 et
221 2077 337 2157 veitri;
372 2081 478 2141 immo
499 2071 641 2138 hercule
665 2076 741 2155 quia
766 2068 808 2136 fic
830 2071 963 2137 amabat
982 2077 1156 2161 patriam,
1176 2085 1213 2141 ut

165 2178 249 2246 mihi
275 2178 384 2263 aliquo
407 2176 550 2240 deorum
574 2169 741 2238 beneficio
760 2171 913 2240 videatur
934 2193 977 2238 ex
994 2176 1069 2239 eius
1093 2179 1213 2242 incen-

165 2280 223 2347 dio
238 2277 302 2346 elle
323 2291 472 2368 ereptus.
517 2272 605 2340 Nam
620 2272 700 2358 quid
719 2272 853 2339 foedius
872 2270 1089 2339 noltrcvita?
1111 2296 1212 2364 prae·

166 2386 264 2471 cipue
285 2377 383 2445 mea'l
404 2398 482 2444 nam
503 2393 540 2442 tu
565 2373 719 2461 quidem,
745 2373 854 2441 utiles
878 2387 997 2441 natura
1021 2372 1210 2454 eoicceec'e,

164 2496 279 2549 tamen
303 2480 429 2547 nullam
454 2477 559 2543 habes
583 2480 756 2566 propriam
779 2474 990 2541 servitutem:
1027 2485 1210 2544 communi

165 2586 289 2652 frueris
317 2586 466 2647 nomine.
510 2579 583 2665 Ego
604 2596 702 2650 vero,
725 2580 797 2660 qui,
825 2574 846 2640 fi
871 2576 994 2664 loquor
1015 2577 1059 2643 de
1084 2599 1124 2644 re
1148 2603 1209 2671 pu·

552 2772 819 2791 m

205 2889 300 2974 Epill.
324 2892 406 2953 CIX.
464 2910 490 2951 1.
519 2892 556 2948 de
579 2884 652 2948 Leu-
710 2893 772 2951 iem
804 2893 908 2951 omnia
935 2888 974 2951 ed
1003 2895 1209 2977 tyrannidem

165 2977 253 3061 tulo]
286 2979 319 3039 L.
344 2974 496 3048 Lentulo,
516 2976 654 3037 Flumine
710 2973 890 3056 spectabunt
898 3014 907 3047 ,
927 2991 960 3036 et
976 2993 1064 3038 vetus
1085 2985 1134 3040 rei
1148 3002 1209 3062 pu·

163 3061 328 3136 Μιηίιὶος
367 3063 407 3123 dc
430 3081 497 3141 quc
530 3081 580 3141 ep.
601 3075 652 3136 50.
710 3059 1120 3143 bliceedicciplinnprcriue
1135 3086 1211 3147 pet·

165 3149 227 3226 (ud
244 3151 305 3210 Au.
320 3145 359 3207 ll.
376 3148 446 3224 24.)
464 3161 553 3226 putre
570 3148 652 3217 eius,
710 3145 833 3206 turbata
853 3160 929 3206 eret.

164 3238 220 3316 qui
234 3238 410 3294 nominatur
425 3231 652 3302 adAu.x11.8.
751 3234 863 3289 uultum
888 3233 1043 3305 propriam
1072 3232 1206 3306 servitu.

163 3335 196 3378 et
219 3340 237 3378 a
260 3317 398 3378 Pediano
429 3320 461 3376 in
489 3331 570 3376 oret.
590 3335 651 3395 pro
709 3314 793 3397 tem]
816 3314 1013 3396 quinium}
1031 3316 1120 3395 publ.
1138 3340 1207 3381 non

163 3406 300 3478 Scaur03
333 3405 433 3482 quiet
453 3399 517 3482 ipse
536 3399 653 3460 flumen
709 3400 949 3473 edmtnillturet,
991 3398 1044 3460 sed
1079 3399 1208 3487 semper

161 3490 238 3560 fuit,
260 3483 404 3548 salicetus
426 3490 458 3547 in
479 3486 581 3548 locum
597 3505 653 3565 pn·
709 3489 984 3568 privatucvixerct.
1030 3478 1163 3562 Ernesti.

163 3577 228 3634 tric.
270 3569 392 3631 Manat.
751 3575 898 3630 communi
919 3567 1036 3640 frueris
1058 3574 1207 3658 numine]

205 3680 263 3717 nou
286 3670 318 3716 ut
334 3654 470 3727 Saufeius
493 3662 522 3710 et
538 3651 628 3727 uestri
637 3646 652 3734 ]
708 3651 748 3717 ic.
788 3654 960 3730 servituti13
1024 3652 1210 3721 servitutem

161 3743 323 3825 Epicurei,
353 3748 406 3823 qui
429 3753 560 3800 mortem
580 3756 653 3798 con·
710 3745 854 3801 omuibus
877 3760 1074 3800 communem
1102 3745 1208 3806 modo

161 3829 362 3890 temnendam
390 3822 451 3888 elle
472 3821 653 3895 censebant,
709 3824 823 3899 lentis,
845 3845 927 3906 quae
942 3822 985 3884 eii
1006 3823 1109 3886 leuior
1129 3850 1208 3910 pro·

186 3919 237 3975 uia
271 3912 373 3974 nullus
409 3909 444 3971 su
480 3904 553 3988 poll
583 3925 654 3968 enm
709 3914 779 3991 pria
806 3909 967 3983 servitute,
1005 3909 1209 3992 qualitate·

161 3935 272 4063 ansus.
711 3992 764 4059 ess.
809 3990 937 4073 Ernesti.

205 4103 246 4144 ex
276 4082 339 4140 eius
377 4075 535 4161 incenato]
579 4080 656 4162 quit
