2506 4808
105 419 289 519 temporis
319 412 456 492 ordine
478 411 642 516 'digestae
666 411 868 492 haberentr
937 418 1016 496 Sed
1042 421 1139 498 nihil

108 555 160 629 ad
181 555 316 628 harum
336 555 531 627 literarum
554 549 840 651 intelligentiam
862 570 899 627 et
926 555 1032 630 ulum
1061 559 1139 631 fru-

109 688 269 765 ctuosius
295 686 364 780 est,
401 713 518 790 quam
539 709 691 776 omnes,
732 707 921 789 quotquot
947 697 1139 792 genuinae

107 824 208 918 sunt,
232 821 445 900 necsolum
465 822 547 895 illas
565 821 615 893 ad
629 820 859 929 familiares,
875 820 937 899 sed
958 830 1069 900 etiam
1088 829 1140 903 ad

105 961 272 1035 Atticum
300 976 338 1033 et
367 958 417 1051 Q.
443 955 599 1031 fratrem
626 960 877 1052 coniunctim,
913 960 978 1035 sed
1009 988 1057 1036 eo
1079 990 1141 1037 or·

108 1096 218 1188 dine,
240 1120 356 1196 quam
371 1090 597 1192 fingularum
612 1110 714 1167 oetas
727 1092 897 1194 postulat,
923 1097 1122 1198 perlegere
1129 1128 1142 1190 ;

106 1257 185 1335 qua
206 1235 355 1303 ratione
376 1253 456 1302 non
479 1222 597 1301 solum
622 1229 747 1303 multis
770 1229 877 1321 locis,
899 1257 1000 1332 quoe
1023 1231 1062 1306 fit
1079 1235 1142 1306 Ci-

108 1369 261 1442 ceronis
292 1363 475 1438 sententia
495 1362 643 1438 facilius
664 1365 899 1466 intelligitur,
939 1367 1003 1442 sed
1026 1374 1141 1442 etiam

107 1500 159 1578 de
189 1506 269 1576 eius
302 1498 461 1575 consiliis
490 1505 631 1574 rectius
655 1499 864 1595 iudicatur,
903 1507 1142 1605 omninoque

108 1634 298 1738 elipsim,
324 1655 362 1711 et
384 1660 517 1710 eorum
539 1635 589 1709 ed
609 1661 706 1737 quos
728 1636 969 1738 scripsit,“[vel
989 1639 1039 1715 de
1060 1644 1142 1740 qui·

107 1771 181 1847 bus
202 1778 243 1846 in
264 1769 336 1845 istis
355 1769 516 1871 epistolis
532 1776 664 1871 agitur,
684 1775 838 1848 virtutes
854 1792 891 1848 et
911 1779 998 1850 vitia
1015 1781 1140 1851 verius

109 1911 243 2017 animis
270 1906 458 1981 lectorum
478 1906 741 1982 informantur.

210 2042 344 2143 Itaque
370 2068 489 2143 quum
518 2069 642 2143 nuper
661 2043 889 2117 Wielandus
915 2045 1027 2117 V.·C.
1052 2001 1167 2144 pru-⁵

110 2175 319 2253 deutiffimo
346 2176 508 2274 consilio
529 2176 738 2253 versionem
768 2176 1006 2276 epistolarum
1031 2183 1142 2258 Cice·

103 2317 212 2387 'renis
235 2319 491 2413 germanicam
514 2310 563 2388 fic
577 2309 806 2418 instituisset,
832 2332 873 2385 ut
894 2315 999 2403 nullo
1018 2317 1142 2392 discri-

79 2424 83 2430 ‚
108 2453 214 2525 mine
238 2475 368 2523 earum
392 2474 493 2549 quae
519 2448 568 2522 ad
583 2448 767 2540 Atticum,
792 2449 842 2525 ad
865 2449 1049 2543 Quintum
1067 2453 1142 2526 sra-

109 2604 227 2679 trem,
266 2585 317 2659 ad
338 2585 509 2684 aliosque
532 2583 691 2684 scriptae
713 2583 792 2660 sunt
815 2583 965 2678 habito,
1007 2613 1141 2661 omues

109 2723 209 2797 inter
233 2719 271 2796 se
301 2723 499 2820 permistos
533 2725 715 2823 temporis
764 2720 900 2794 ordine
939 2720 1141 2821 digereret,

110 2881 254 2956 operae
270 2859 435 2956 pretium
449 2877 511 2930 me
526 2854 714 2929 facturum
733 2852 805 2929 esse
823 2832 962 2954 putavi,
978 2855 1015 2948 li,
1032 2860 1141 2957 quod

110 2995 187 3065 iarn
202 2991 292 3065 olim
306 2988 437 3067 lucere
459 2994 684 3090 cogitaram,
717 2989 925 3066 editionem
953 2996 1142 3067 eiusmodi

114 3136 309 3218 curarem,
347 3150 448 3226 quae
465 3122 645 3224 ‘epistolas
669 3130 852 3225 genuinos
874 3152 1008 3203 omues
1031 3137 1142 3223 (num

112 3261 253 3363 spurias
277 3262 326 3334 ad
340 3263 495 3334 Brutum
510 3260 603 3338 nihil
620 3265 770 3356 moror)
795 3262 934 3337 eodem
953 3290 1142 3338 annorum

112 3398 250 3474 ordine
274 3394 467 3496 dispositas
491 3395 823 3496 complecteretur.
875 3398 964 3492 Quo
985 3402 1026 3472 in
1049 3425 1143 3505 ope-

111 3558 173 3627 re,
200 3533 294 3634 quid
315 3533 408 3609 mihi
429 3532 707 3632 proposuerim,
734 3537 865 3632 paucis
887 3559 1090 3632 exponam.

145 3754 148 3763 Ι
214 3670 379 3741 Textum
398 3670 510 3767 igitur
525 3664 575 3741 fic
588 3665 759 3763 instruxi,
780 3689 822 3742 ut
835 3669 992 3744 Ernestii
1010 3671 1144 3745 editio·

110 3772 202 3880 uem
237 3801 478 3879 fundamenti
509 3800 598 3876 Ioco
640 3801 797 3903 politam
839 3834 925 3880 cum
958 3805 1144 3903 subsidiis,
1181 3888 1186 3905 Ι

111 3965 214 4047 quae
238 3938 365 4015 adhuc
391 3935 550 4035 exstant,
596 3940 733 4018 criticis
757 3940 957 4042 diligenter
987 3966 1144 4047 compa«.
