2506 4808
256 292 544 364 EPISTOLA
592 288 738 366 xL1v.

936 328 1008 397 '²²2

86 505 117 557 n,
136 486 354 548 inconcione
376 480 396 545 si
419 490 628 549 mentionem
643 485 804 557 fecerint,
828 507 895 570 quo
910 485 1006 554 aliter

86 583 294 673 possideatur,
317 598 415 669 atque
435 599 471 649 ut
490 608 533 649 ex
553 585 686 673 legibus
704 586 811 650 iuliis.
855 587 931 653 Non
946 593 1004 656 du·

86 692 216 752 tiurare
236 691 354 748 ceteri.
406 683 593 750 Laterensis
620 685 828 750 existimatur
848 687 937 754 laute
959 693 1005 757 le·

95 789 186 873 qnod
206 789 415 850 tribunatum
437 788 545 872 plebis
563 799 678 871 petere
695 785 836 861 destitit,
863 812 905 852 ne
920 796 1003 858 iura·

87 887 154 955 Sed
170 888 216 971 de
230 909 266 950 re
274 888 418 974 lpublica
434 910 502 951 non
519 888 602 950 libet
618 884 714 972 plura
732 886 888 952 scribone.
923 891 1003 957 liis·

98 989 191 1062 mihi,
212 1008 277 1051 nec
292 986 357 1053 fine
373 987 500 1052 summo
518 988 625 1052 scribo
643 986 774 1051 dolore·
817 989 876 1053 ile
891 1001 1001 1066 tueor,

86 1087 194 1155 aressls
215 1091 396 1161 omnibus,
427 1111 499 1153 non
520 1087 673 1168 demiil'e3
714 1102 752 1152 ut
774 1097 876 1155 tantis
897 1095 1000 1160 rebus

86 1234 92 1263 ,
119 1212 242 1279 parum
257 1191 406 1254 sortiter.

351 1343 620 1360 ”annam—uun·—
643 1357 648 1363 ¹

89 1448 152 1511 qua
175 1432 210 1490 in
225 1428 302 1490 locis
324 1434 459 1510 privatis.

86 1537 125 1576 oc
156 1520 224 1573 iore
255 1516 387 1575 iurando
419 1517 460 1576 de

86 1621 140 1660 ino
157 1620 235 1682 agro
252 1605 283 1659 in
300 1601 461 1682 segoniu-

86 1709 93 1743 i
110 1688 268 1745 candidati
291 1684 460 1766 obstringo-

89 1770 202 1832 nblice.
254 1770 365 1850 ltaque
386 1772 460 1830 sarri

87 1861 166 1914 ectio
185 1874 249 1913 non
269 1853 380 1934 potest.
424 1856 459 1914 ln

87 1984 95 1999 .
111 1941 182 2001 cod.
193 1938 331 1998 scribitur
346 1943 375 1998 in
392 1961 458 1996 con·

96 2027 325 2082 candidatorum
369 2025 458 2104 qnod

87 2131 102 2170 o
138 2112 255 2190 probo.
310 2111 458 2191 locellign

89 2203 274 2264 oudonem,
302 2214 362 2274 qna
384 2216 459 2274 pro·

90 2296 140 2338 tur
180 2280 335 2338 candidati
371 2279 458 2360 apud

87 2385 146 2434 nn,
172 2363 201 2422 se
225 2369 376 2443 petituros
397 2362 458 2426 ella

90 2449 117 2508 ol
134 2450 220 2507 illum
240 2447 457 2530 magistratum.

89 2533 152 2613 ipsa
176 2536 345 2604 concione,
374 2550 458 2594 antc-

92 2622 328 2679 admitterentur
349 2622 380 2677 in
403 2639 458 2678 eo·

87 2725 239 2773 amenum,
268 2701 458 2782 quibuscam-

87 2787 192 2846 liceret
232 2786 458 2869 magistratum,

87 2891 168 2933 intur
189 2877 309 2941 iurare,
333 2870 367 2931 so
384 2871 460 2930 nihil

87 2977 191 3017 aauroa
206 2962 238 3016 in
260 2953 408 3014 diodone
424 2956 459 3015 il·

87 3046 169 3122 ipani
183 3045 259 3123 agri,
279 3061 372 3120 quam
383 3041 460 3119 (leaf

91 3133 202 3186 iauerat
218 3130 249 3184 in
274 3125 327 3184 suo
353 3124 458 3184 cons·

89 3207 246 3268 Graevius.
308 3207 460 3269 Emensus

88 3296 112 3355 se
131 3291 277 3374 reperille
293 3297 460 3351 concionem

88 3393 200 3438 rtornm
218 3377 257 3439 sic
283 3385 459 3450 memorari,

88 3487 114 3525 re
151 3464 198 3522 vel
231 3469 263 3523 in
302 3465 460 3520 ambitione

88 3561 201 3608 rtornm
223 3548 270 3607 vel
293 3551 460 3607 conditione

88 3648 200 3693 ntorum
219 3632 386 3716 legendum
404 3654 460 3711 pu·

107 3721 235 3778 Neutro
261 3735 362 3776 tainen
379 3738 460 3796 opus

88 3806 151 3864 odo
169 3802 262 3862 verba
278 3804 307 3859 in
323 3806 460 3862 concione

88 3904 218 3950 >namur
233 3883 304 3966 poll
319 3890 458 3944 candido-

88 3995 90 4008 *
127 3976 213 4033 unda
239 3977 375 4051 optimus
406 3993 459 4031 na·

89 4056 214 4121 sensum
253 4058 339 4143 Lege
366 4062 459 4119 etiarn

517 1424 661 1486 sancitum
686 1424 745 1500 est,
781 1445 817 1490 na·
844 1426 1003 1499 honorum

518 1513 689 1584 candidati,
711 1514 740 1573 se
756 1514 811 1594 ipsi
826 1520 1001 1582 iuramento

516 1598 727 1671 erl‘ecremur,
750 1598 822 1661 siin
845 1612 999 1666 concione

516 1682 537 1740 s.
574 1689 717 1742 oratione
758 1686 799 1744 ad
836 1691 1000 1766 populum,

517 1787 614 1846 quam
637 1768 685 1826 vel
708 1775 740 1829 in
758 1785 833 1852 toga
856 1774 998 1845 candida,

517 1853 564 1910 vel
578 1855 609 1912 in
622 1852 800 1935 magistram
817 1854 1000 1919 habinarios·

515 1933 590 2007 sent,
607 1956 800 1998 mentionem
816 1940 944 2003 iecerint
959 1945 1000 2006 dc

516 2021 698 2104 abroganda
719 2023 789 2106 lega
810 2026 889 2085 lusia
912 2048 1001 2110 agra·

514 2127 570 2165 na.

559 2185 748 2274 Laterenfis]
778 2190 830 2251 ille
844 2193 1000 2257 luventius

514 2272 696 2344 Laterensis,
718 2279 758 2335 de
781 2297 845 2356 quo
861 2284 893 2339 in
911 2283 999 2344 Orat.

514 2380 575 2439 pro
592 2359 718 2420 Plancio
733 2377 763 2420 et
781 2366 813 2420 in
830 2383 880 2440 ep.
911 2364 1000 2424 Plan·

515 2451 544 2504 ci
560 2443 599 2504 ad
618 2444 800 2504 Ciceronem
811 2467 820 2521 ;
842 2449 926 2508 Fam.
944 2449 999 2510 lib.

514 2530 555 2589 X.
588 2524 709 2586 Manat.
982 2594 986 2601 ,

557 2612 659 2695 lanta]
707 2613 766 2674 Alii
798 2624 891 2671 conte.
937 2615 1001 2676 Sed

515 2699 588 2757 mini
607 2699 725 2776 semper
741 2713 824 2758 carne
840 2703 940 2758 minua
959 2704 1001 2759 vl·

514 2782 579 2842 snm
593 2780 646 2854 esl,
668 2804 761 2863 qnam
776 2806 837 2862 pro
849 2805 890 2842 re.
913 2786 1000 2845 Sicut

516 2879 644 2926 eirene
664 2872 696 2927 in
719 2869 791 2927 edd.
811 2869 906 2928 Rom.
929 2869 998 2929 nid.

516 2967 548 3011 et
568 2952 633 3033 sqq.
655 2950 784 3012 lleslitui
809 2957 902 3036 igitur
923 2958 1000 3013 anti·

516 3057 609 3116 quarn
626 3036 792 3098 lectionem
812 3042 910 3110 laute,
936 3042 956 3099 l.
971 3058 999 3100 e.

515 3119 692 3203 magnifice,
712 3127 826 3203 inquo
842 3122 885 3182 est
905 3130 999 3184 etiam

516 3205 621 3286 lepida
637 3203 743 3267 allufio
760 3208 800 3267 ad
816 3209 1000 3268 nomenLa·

517 3289 652 3350 terensir.
691 3294 742 3352 Sic
754 3293 825 3353 edd.
839 3292 915 3352 Jmt
933 3291 999 3354 Alc.

518 3391 549 3434 ct
568 3373 637 3434 Mss-
654 3373 768 3452 plnres,
792 3377 1000 3456 probabatur·

518 3479 580 3540 que
596 3458 795 3539 Malaspinae.
846 3458 940 3519 Came
963 3483 999 3522 ex

517 3565 582 3603 uno
633 3546 689 3603 ΜΓ.
747 3546 843 3605 edidit
892 3544 999 3607 Bofioa

516 3634 643 3707 primns.
664 3623 787 3705 Ernesti.
810 3632 926 3689 Varum
941 3635 1000 3690 uti-

518 3734 580 3793 que
595 3711 638 3771 est
651 3715 748 3784 sonte,
771 3713 819 3774 sed
837 3734 929 3793 «inam
946 3716 1000 3775 Er-

516 3795 627 3857 nellius
637 3801 807 3877 quaerebat.
821 3796 1000 3863 allusionem

517 3885 556 3942 ad
578 3902 704 3946 nomem
737 3880 921 3954 antemnis,
960 3902 999 3947 ,ca

515 3967 598 4029 nulla
620 3964 679 4042 est3
700 3988 740 4026 ac
763 3969 835 4043 sanc¹
848 3965 922 4029 esset
935 3969 1000 4028 ine·

515 4069 570 4134 pta
588 4065 619 4112 et
641 4051 759 4113 insulsa.

828 4124 1055 4212 Pa..
