2506 4808
277 278 558 352 umsroun
591 281 696 350 nn„
913 280 999 377 '2⁶9

87 515 89 529 .
124 467 175 536 Ex
188 465 267 544 hoc,
290 477 346 554 qui
362 468 399 534 sit
414 470 518 536 status
533 475 640 536 totius
656 475 706 536 rei
719 466 887 559 publicio,
909 473 1001 540 iride·

87 583 141 637 tes.
183 571 326 637 Nostrae
346 583 459 634 tamen
481 569 594 635 causae
624 593 695 637 non
711 573 869 639 videntur
894 570 1001 641 homi·

88 675 217 739 eluturi.
266 672 461 736 Mirandum
480 677 515 736 in
539 670 680 735 modum
701 670 927 761 profitentur,
952 676 1000 742 of·

87 787 95 838 t
108 774 156 849 sc,
177 770 400 861 pollicentur:
423 784 456 836 et
470 771 605 855 quidem
619 794 723 856 quum
738 774 793 863 spe
811 774 881 840 lum
897 784 1005 857 maxi,

87 897 142 939 um
158 880 288 940 maiore
304 879 404 937 etiam
421 878 549 954 animo;
576 885 615 936 ut
633 878 669 937 in
691 872 809 941 haere
830 900 873 942 ne
888 877 1000 942 casum

87 999 110 1039 n
125 975 233 1042 ullum
248 973 491 1065 pertimescam.
536 972 606 1038 Sed
622 987 736 1041 tamen
753 998 809 1043 res
830 979 874 1042 lic
893 978 926 1043 sc
943 977 1002 1044 ho·

89 1076 126 1146 Si
144 1079 236 1142 diem
258 1077 357 1139 nobis
376 1072 520 1140 Clodius
537 1076 682 1142 dixerit:
716 1088 790 1143 tota
804 1078 899 1144 ltalia
922 1101 1000 1145 con·

87 1203 110 1255 τ,
138 1192 178 1244 ut
200 1175 422 1263 multiplicata
443 1171 550 1263 gloria
574 1176 808 1244 discedamus.
858 1178 922 1246 Sin
945 1202 1001 1247 au·

86 1286 96 1344 i
119 1301 221 1368 agere
245 1281 440 1343 conabitur:
477 1276 573 1363 spero
593 1277 688 1352 fore,
716 1277 834 1347 studiis
860 1281 1001 1347 nonso·

87 1365 264 1455 nieorum*²
287 1379 342 1444 scd
358 1385 458 1443 etiam
473 1378 675 1453 alienorum,
695 1392 734 1443 ut
749 1385 782 1447 vi
796 1377 997 1449 resistamus.

88 1503 102 1547 s
122 1480 222 1558 etse,
252 1495 286 1547 et
302 1481 376 1548 suos
392 1482 537 1555 liberos,
558 1486 705 1555 amicos,
727 1481 882 1555 clientes,
898 1481 998 1548 liber-

87 1604 186 1658 nvos,
205 1583 530 1679 pecunias‘denique
546 1578 618 1646 suas
632 1579 850 1670 pollicentur.
875 1580 1000 1652 Nostra

87 1705 108 1746 ,a
120 1705 240 1750 manus
256 1687 426 1775 bonorum
440 1682 534 1746 ardet
542 1679 650 1746 studio
665 1683 781 1758 nostri,
795 1696 895 1769 atque
910 1705 1000 1749 amo·

87 1784 108 1848 ii
124 1792 182 1869 qui
196 1800 293 1852 autea
308 1798 365 1850 aut
378 1782 554 1850 alieniores
575 1781 726 1860 fuerunt,
743 1796 799 1850 aut
814 1783 999 1872 languidio-

87 1871 171 1952 nunc
194 1885 320 1952 horum
342 1907 463 1974 regum
484 1883 564 1954 odiu
584 1882 616 1949 se
637 1906 718 1951 cum
739 1887 837 1951 bonis
860 1889 998 1952 coniun·

348 2079 617 2119 ...ann—*nln-

87 2264 178 2321 ivntus
195 2254 377 2343 arrogasseu
392 2259 457 2319 Ne·
513 2278 585 2320 men
607 2255 661 2319 fibi
687 2258 737 2318 vel
758 2257 916 2323 dictatoris
938 2283 999 2344 po·

87 2367 130 2406 iro
149 2348 181 2404 id
199 2366 268 2406 cum
288 2343 377 2404 huius
398 2346 458 2404 Co·
486 2385 489 2390 -
513 2349 641 2404 tentiam
663 2347 696 2404 m
714 2364 750 2403 ro
770 2346 896 2425 publice
911 2368 999 2409 ntro·

88 2435 193 2490 animo
231 2451 267 2488 nc
298 2431 458 2490 uoluntate
514 2444 610 2512 garet.

86 2519 131 2574 cri
147 2512 267 2595 potest,
289 2519 342 2594 qui
362 2535 458 2595 quum
557 2523 619 2569 tum
637 2514 751 2570 maiore
771 2514 861 2569 etiam
876 2511 998 2596 animo]

87 2601 227 2659 ieliorum
238 2604 381 2679 portium,
393 2619 459 2658 non
513 2596 674 2680 llicvulgo
683 2598 839 2656 adduntur
848 2594 899 2656 istu
910 2619 917 2656 :
929 2600 997 2674 spo·

87 2700 118 2744 [ο
141 2687 166 2742 ir
183 2701 267 2755 erat,
291 2688 344 2762 qui
366 2685 457 2742 Pom·
514 2705 548 2739 ro
563 2684 732 2756 superiores
745 2679 820 2751 fore
839 2702 909 2753 nos,
931 2703 997 2739 con·

87 2773 232 2828 utentium
257 2789 371 2850 augere
397 2767 459 2826 vel·
507 2765 574 2837 jicio
599 2770 713 2838 animo,
754 2786 836 2847 quoe
857 2772 919 2825 inm
939 2766 999 2828 U'r·

89 2858 203 2932 cuique
217 2855 392 2911 dictatorem
406 2874 455 2928 op·
516 2849 593 2912 finus
607 2851 833 2931 comprobante
842 2854 933 2910 etium
944 2851 999 2912 osi·

106 2937 223 2997 dictum
250 2935 310 2996 csso
329 2958 389 3018 pro
413 2941 456 2994 di·
515 2957 577 3018 qun
592 2956 628 2996 ex
647 2952 736 3017 porte
757 2939 854 2995 veteri
872 2936 1000 3018 scriptu·

87 3044 117 3078 m
149 3025 247 3080 dicere
276 3039 328 3081 out
358 3043 459 3080 creare
514 3041 547 3080 ru
565 3019 697 3082 delenda
714 3019 880 3081 censuerat.
916 3022 999 3083 Nam

87 3110 188 3167 omini.
231 3107 459 3190 ltoqnelegen·
513 3104 583 3167 sunt
608 3104 728 3167 iusrccto
765 3122 795 3164 ct
824 3102 998 3189 glossatoris

87 3189 457 3266 ’ompeiumpriootnmdi-
513 3210 640 3250 monum
666 3187 825 3252 manisestc
847 3193 997 3269 produnt.

87 3279 289 3352 mappellovir
297 3297 310 3346 ;
326 3281 344 3335 i.
356 3297 381 3337 o.
398 3282 457 3337 ira·
557 3272 713 3360 inducre]
752 3276 798 3336 ltu
812 3293 879 3335 erat
891 3293 1002 3336 aucto·

87 3364 152 3421 uod
176 3382 272 3440 quum
291 3361 458 3421 Gabinium
513 3359 597 3420 ribus
617 3362 762 3421 Manutio
789 3374 820 3421 ct
847 3362 997 3421 lambino

91 3447 155 3505 bitu
177 3446 268 3505 vellet
289 3445 456 3526 postulare,
503 3444 699 3526 legendum
740 3465 807 3506 non
832 3446 862 3501 in
889 3448 943 3503 doc
966 3465 999 3503 ro

87 3548 199 3590 totores
214 3530 321 3590 diebus
337 3531 458 3611 aliquot
512 3533 637 3606 publico.

87 3614 194 3674 tollent
210 3614 258 3674 vel
273 3614 456 3695 potestatem
554 3610 759 3694 discedamus]
788 3634 824 3673 ex
841 3617 967 3678 iudicio.

87 3716 178 3771 erent,
198 3703 229 3759 in
246 3705 397 3760 concione
411 3704 456 3760 in·
556 3703 660 3757 storum
676 3699 801 3780 regum]
844 3701 999 3782 Pompeii,

115 3783 159 3845 est
195 3789 226 3844 in
259 3787 455 3863 Pompeium,
514 3781 650 3844 Caesario
677 3781 806 3844 consulis
839 3799 871 3845 ct
904 3784 1001 3848 eradi

87 3889 109 3928 ic
142 3872 295 3946 privatum
326 3872 457 3929 dictato·
513 3874 567 3948 qui
581 3868 780 3948 perniciosum
796 3873 840 3927 rei
854 3868 937 3949 publ.
955 3869 1001 3927 so.

87 3953 244 4033 ppelluvit,
267 3953 297 4016 lt.
322 3975 347 4013 e.
373 3974 454 4026 eum,
512 3959 653 4016 rietatem
678 3958 837 4016 iniverunt.
879 3954 930 4014 sie
951 3953 1001 4015 su·
1068 4025 1070 4029 ¹

87 4059 142 4099 ‚um
164 4035 238 4102 eslet
257 4044 394 4123 privatus
410 4053 457 4101 tu·
510 4059 570 4119 pro
586 4058 635 4120 cp.
653 4048 706 4118 54.
