2506 4808
359 228 646 359 ePISTOLA
685 291 813 360 XCV.
1057 305 1101 385 45

71 478 242 562 frequenti
264 475 396 553 senatu,
415 483 451 542 in
474 498 594 565 magna
615 483 793 550 varietate,
818 500 1003 567 magnaque
1020 484 1102 549 ἰηνί-Ι

70 581 281 653 dmentem,
300 585 356 663 qui
373 600 391 642 a
411 590 445 641 te
459 577 588 642 cautam
604 585 729 666 regium
748 580 810 644 olio
835 583 1104 663 transferebant,

70 684 323 747 obtinebamus.
366 680 415 743 Eo
436 679 491 741 die
514 683 673 743 acerbum
696 679 875 747 habuimus
896 684 1101 751 Curionem:

70 782 228 847 Bibulum
249 781 357 845 multo
374 778 563 853 iustiorem,
586 803 691 867 paene
713 787 812 845 etiam
833 788 1103 853 unicumcant

70 890 149 949 nius
167 895 202 946 et
218 882 305 949 Cato
320 894 488 969 negarunt
508 880 540 945 lo
557 881 666 970 legem
681 881 782 948 ullam
796 899 873 949 ante
890 895 1025 953 comitia
1039 889 1104 956 elle

72 983 216 1049 laturos.
260 982 408 1049 Senatus
425 980 545 1047 baberi
560 998 638 1047 anre
652 982 812 1050 kalendas
822 988 900 1052 l'eb.
915 1013 976 1076 per
989 991 1104 1079 legem

72 1084 232 1172 Pupiam,
255 1085 292 1149 iu
314 1083 407 1167 ¹quod
430 1082 514 1157 seio,
537 1106 602 1149 non
620 1086 746 1172 potest:
770 1112 879 1173 neque
896 1092 1008 1157 meuse
1023 1094 1103 1158 Feb.

72 1199 169 1261 toto,
193 1183 252 1251 uili
275 1185 462 1273 perfectis,
495 1197 552 1248 aut
573 1191 710 1253 reiectis
732 1189 968 1280 legationibus.
1008 1195 1104 1261 Haeo

73 1448 178 1508 animo
193 1438 408 1527 loquerentur,
431 1439 483 1502 sed
496 1459 563 1504 ten·

71 1548 150 1605 torn,
164 1545 278 1591 utrem
294 1530 453 1596 ducerent,
466 1529 563 1589 diem-

73 1637 138 1697 que
176 1616 312 1676 dicendo
357 1611 561 1677 extraherent.

75 1700 197 1760 Manet.

116 1781 273 1865 acerbum]
297 1801 399 1843 ocrem
424 1781 562 1842 advers·

72 1875 171 1943 rium,
192 1871 280 1949 quod
297 1885 369 1928 rute
388 1887 459 1926 eom
479 1871 561 1928 diem

73 1977 139 2017 uon
156 1960 339 2035 contigerat.
368 1953 441 2011 Non
457 1967 561 2015 temen

73 2046 128 2100 nni
151 2039 302 2108 Lentulo,
333 2035 386 2098 leel
407 2039 561 2116 Pompeio

73 2130 192 2208 puriter
211 2121 356 2182 acerbum
381 2118 466 2182 soille
483 2122 562 2183 arbi·

75 2226 162 2271 tror:
200 2209 311 2268 odoret
334 2212 413 2266 enim
436 2206 563 2289 peffirue

74 2294 214 2356 socerum
230 2296 371 2369 Pompeii
394 2292 429 2352 Q
454 2291 563 2353 Coele·

74 2401 159 2450 rem,
192 2394 224 2438 ut
243 2379 410 2437 Suetonius
432 2381 463 2437 in
484 2378 563 2438 lulio

76 2486 102 2526 c.
118 2481 169 2537 52.
192 2460 341 2534 ollemlit3
365 2482 462 2541 quere
485 2464 563 2522 Cne-

74 2547 146 2610 serir
160 2552 333 2628 potentium
345 2551 469 2628 eugenti
484 2569 564 2627 quo·

73 2635 151 2694 tidie
169 2636 250 2693 Pom
272 2637 322 2692 eio
345 2652 410 2692 non
431 2639 563 2692 amicum

74 2715 162 2780 tuille
175 2655 334 2778 verilmtte
351 2717 480 2776 ridetur.
525 2718 565 2777 Et

76 2824 147 2863 eum
172 2804 339 2881 Pompeius
380 2800 445 2880 ipse
476 2800 563 2861 suum

76 2889 322 2948 obtrectatorem
351 2886 471 2958 aiebat,
512 2907 562 2966 ep.

75 2992 127 3053 99.
155 2972 214 3051 (ed
238 2974 278 3051 Q.
300 2971 467 3049 Fr.11.5.)
490 2966 561 3029 Ma·

75 3067 138 3116 net.

121 3135 300 3219 Curionem]
321 3140 356 3199 C.
370 3137 563 3198 Scribonium

77 3225 247 3285 Curionem
297 3222 488 3283 consularem
534 3239 565 3284 et

76 3308 315 3389 triumphalem,
351 3324 471 3387 putrem
499 3313 564 3371 eloe

76 3397 118 3453 act
132 3416 225 3473 quern
243 3391 389 3472 epistolae
403 3398 566 3454 mittuntur

75 3479 130 3540 lib.
147 3479 183 3540 ll.
205 3481 244 3538 ad
271 3480 337 3538 [liv.
380 3473 502 3536 Monet.

121 3567 287 3640 iustiorem,
334 3584 427 3637 poene
474 3565 565 3623 etiem

76 3648 225 3730 amicum]
261 3650 358 3707 Huius
387 3653 565 3711 mutationis

75 3734 128 3794 ille
141 3735 251 3793 Bibulo
266 3731 352 3793 ceule
369 3736 441 3805 luit,
465 3733 564 3814 quod,

77 3839 176 3900 quom
196 3818 260 3898 ipse
279 3820 319 3877 de
340 3817 436 3878 tribur
456 3817 564 3900 legarit

77 3906 221 3964 obtinere
234 3923 299 3963 non
317 3900 481 3982 potuillet‚
502 3923 565 3963 rne-

76 3987 161 4047 lebet
186 3988 318 4048 Lentulo
346 3992 411 4049 rem
433 3988 564 4062 deferri,

77 4093 172 4154 quem
186 4075 359 4154 Pompeio,
380 4094 473 4154 quem
487 4073 566 4135 Cre·

618 1441 706 1516 serie,
730 1443 988 1520 inimiciffimlsul,
1012 1468 1108 1532 geno·

618 1551 688 1589 rom
704 1528 923 1613 lentoremque
945 1549 976 1593 et
997 1535 1109 1614 empli-

617 1614 777 1674 ficutorenr
799 1616 972 1700 diguitatis,
1001 1624 1108 1683 ornari

617 1719 682 1759 non
698 1700 829 1760 libenter
843 1703 975 1763 videbat.
986 1699 1108 1782 Manet,

660 1788 758 1861 legem
779 1785 893 1867 ullam]
929 1789 1015 1867 quod
1038 1791 1110 1849 lett-

617 1882 702 1930 toret
717 1871 838 1932 Lentuli
855 1872 1015 1933 timebunt.
1034 1869 1106 1931 Ma·

618 1966 679 2014 rtur,

659 2048 728 2095 ante
748 2036 890 2120 comitia]
915 2056 988 2101 ente
1011 2042 1108 2101 Sexti*

618 2121 680 2183 lom
706 2123 857 2193 mensem,
880 2146 945 2204 quo
970 2122 1108 2208 defigne-

620 2208 732 2268 buntur
754 2208 953 2287 megillrotet.
986 2206 1107 2277 Manet.

659 2291 795 2375 laturos]
812 2296 892 2354 Coto
908 2312 1012 2357 temen
1025 2298 1109 2357 lerre

620 2395 749 2439 conetur
788 2374 848 2448 est,
896 2379 1110 2464 promulgavit

620 2468 699 2521 enim
715 2479 751 2521 ut
764 2461 898 2524 Lentulo
911 2464 1035 2525 Ciliciae
1051 2472 1109 2525 irn-

619 2552 741 2627 perlum
751 2547 973 2631 abrogaretur,
995 2569 1045 2630 ept
1056 2553 1109 2631 96.

618 2628 741 2692 Martut.
1101 2696 1105 2708 Ι

663 2721 760 2795 legem
776 2709 925 2797 Pupiam]
950 2735 1032 2795 quae
1055 2736 1110 2777 co·

620 2802 786 2864 mirielibut
807 2798 916 2860 diebus
937 2798 1044 2860 heberi
1066 2800 1110 2861 se·

620 2905 728 2948 notum
755 2885 881 2946 vetabat
919 2884 956 2945 cf.
994 2885 1034 2945 ed
1068 2887 1110 2969 Q.

620 2976 668 3033 Fr.
686 2972 724 3033 ll.
742 2992 759 3031 2
780 2987 808 3028 et
829 2984 860 3045 3⁴
909 2966 1029 3032 Monet.

663 3079 753 3131 neque
785 3057 879 3130 mense
904 3051 988 3117 Febr.
1023 3054 1110 3141 toto]

620 3161 736 3221 nempe
758 3162 795 3200 ex
818 3140 889 3222 lege
905 3140 1048 3202 Gabinio.

662 3224 826 3308 perfertis]
857 3225 967 3297 auditu
988 3242 1020 3284 et
1033 3228 1111 3288 doto

620 3309 768 3392 responso
792 3309 927 3371 remillir.
970 3306 1089 3374 Manet.

664 3394 802 3479 reiectis]
824 3400 856 3455 in
880 3395 963 3456 eliud
988 3415 1111 3476 tempu!

620 3480 798 3565 legatorum
835 3481 997 3541 auditione
1033 3480 1112 3559 dile,

621 3583 662 3626 let.

664 3648 880 3732 legationibus]
907 3648 1018 3709 Cicero
1033 3648 1112 3708 Len·

622 3737 721 3796 tulum
750 3735 797 3795 hie
826 3736 926 3794 verbis
956 3733 1113 3811 ebducere

622 3827 734 3901 cupita
750 3819 812 3900 spe,
828 3815 1031 3900 proximbhir
1047 3821 1112 3878 die-

621 3905 678 3966 bus
703 3905 822 3967 caulem
848 3904 888 3964 de
912 3922 986 3985 rege
1010 3902 1113 3963 Ptole-

620 4011 713 4050 maeo
739 3987 922 4063 reducendo
949 3991 981 4047 in
1005 3985 1113 4063 leuato

622 4075 728 4137 denuo
764 4088 927 4136 tractatum
962 4075 1011 4134 iri.
1053 4073 1113 4137 lte·
