2506 4808
65 320 71 338 ¹
120 306 200 417 ni
428 293 715 376 nmsrorn
763 297 873 371 rxr.

133 487 226 563 fore,
242 495 290 547 nt
302 488 414 550 aorins
427 483 671 571 postularetur3
696 484 820 561 altera,
839 491 904 553 iam
918 484 998 553 'eise
1017 512 1035 552 n

133 587 208 661 Sed
229 583 313 653 haec
332 583 380 648 est
401 586 511 674 pridie
533 587 627 660 data,
659 609 761 671 quam
778 587 855 667 illa3
890 609 960 672 quo
977 612 1035 655 oon

134 695 255 778 magis.
305 687 440 771 Itaque,
469 709 573 771 quum
593 709 691 754 meus
713 712 769 754 me
789 711 926 755 maeror
949 700 1035 774 quot*

132 789 311 867 laceratet
330 785 487 862 conficit,
507 801 582 855 tum
596 812 678 856 vero
692 789 776 857 haec
786 790 906 856 addita
930 814 1035 857 eura*

53 886 55 891 ’
134 888 171 956 hi
188 897 289 958 vitam
305 889 468 971 reliquam
482 891 574 955 facit.
619 889 692 957 Sed
703 904 744 957 et
760 899 932 981 navigatio
954 895 1035 983 perd

135 994 217 1060 fuit:
254 1005 288 1056 et
307 991 364 1056 ille
386 997 558 1065 incertus,
582 995 639 1056 ubi
665 1015 729 1081 ego
752 992 873 1067 essem,
907 995 1035 1060 fortassr

136 1093 269 1163 cursum
285 1097 415 1180 petivit.
450 1092 538 1157 Nam
557 1092 708 1159 Phaetho
725 1095 867 1161 libertus
885 1118 965 1162 enm
980 1120 1035 1163 nor

136 1208 241 1261 vento
264 1199 412 1259 reiectus
441 1197 482 1258 ab
509 1194 568 1260 illo
590 1201 626 1260 in
646 1195 903 1269 Macedoniam,
943 1195 1033 1263 Pella

135 1296 270 1387 praesto
293 1296 369 1360 fuit.
420 1293 562 1379 Reliqua
576 1317 676 1380 quam
697 1293 781 1361 mihi
794 1297 947 1362 timenda
967 1298 1030 1365 fint

133 1422 217 1483 neo,¹
228 1398 310 1484 qnid
324 1396 478 1472 scribam,
492 1395 616 1472 habeo,
634 1411 668 1464 et
680 1406 796 1465 omnia
811 1406 936 1484 time03
960 1423 1025 1466 nec

135 1502 247 1571 ferum
262 1499 311 1567 esi
325 1505 514 1584 quicquam,
529 1499 618 1582 quod
631 1523 703 1567 non
716 1507 752 1565 in
766 1501 916 1567 nostram
931 1503 1035 1568 fertur

135 1605 218 1669 dere
232 1603 395 1685 videatur.
437 1601 604 1685 Equidem
619 1600 729 1667 adhuc
745 1603 845 1668 miser
856 1609 893 1668 in
908 1609 1035 1667 maxim

136 1709 307 1771 aerumnis
324 1716 358 1767 et
375 1703 545 1780 luctibus,
568 1703 634 1770 hoc
650 1719 743 1771 metu
758 1705 901 1779 adiecto,
922 1725 1035 1770 mane(

138 1807 300 1872 salonicae
321 1803 512 1892 snspenfirs.
554 1805 627 1871 Nec
642 1808 750 1871 audeo
769 1811 960 1891 quicquann

107 1937 128 1979 2
220 1907 320 2003 Nunc
344 1907 385 1970 ad
408 1927 465 1978 ea,
496 1929 579 1990 quae
601 1906 761 1996 scripiisti.
807 1905 1035 2000 Tryphonem

136 2008 304 2099 liumnon
323 2008 403 2073 vidi.
447 2006 649 2073 Sermonem
671 2022 785 2082 tuum,
809 2020 844 2072 et
866 2006 1020 2098 Pompeii

140 2118 173 2176 vi
196 2133 238 2174 ex
259 2117 328 2175 tuis
352 2109 471 2175 literis,
515 2109 650 2174 Motum
671 2114 709 2174 in
730 2131 767 2173 re
789 2111 923 2196 publica
945 2136 1015 2176 non

139 2233 204 2302 ego
219 2213 418 2299 impendere
433 2211 552 2285 video,
581 2224 739 2295 qnantum
761 2224 800 2278 tu
825 2227 882 2277 aut
903 2211 1019 2287 vides,

137 2334 195 2379 me
231 2311 468 2378 consolandum
505 2314 621 2377 affers.
687 2309 842 2402 Tigrane
879 2319 970 2379 enim
1007 2339 1035 2378 n«

138 2412 265 2482 sublata
277 2413 354 2480 sunt
368 2421 492 2481 omnia.
537 2414 683 2479 Varroni
700 2438 754 2478 me
775 2416 871 2480 iubes
895 2437 996 2511 agere
1022 2440 1035 2504 g

517 2600 782 2619 *m-
814 2601 816 2605 '

181 2725 213 2773 ut
224 2717 321 2773 acrius
334 2712 547 2796 postularetur]
576 2734 625 2772 ac·
678 2727 742 2783 ret,
769 2711 937 2777 adductum
954 2711 1035 2773 collo

139 2798 410 2862 eusareturfrater.
458 2797 625 2858 Accusato·
680 2802 868 2868 convivium
893 2799 966 2857 dein
983 2797 1035 2856 Fla

137 2905 204 2945 rem
225 2888 342 2944 Atticus
366 2888 398 2943 in
421 2883 548 2963 epistola
574 2883 647 2943 sna-
679 2883 829 2952 reddidin
864 2884 1034 2965 Tigranem

137 2974 332 3043 nominatam
370 2970 481 3029 Cicero
506 2989 625 3030 nomen
681 2983 712 3027 et
726 2966 834 3026 habuit
851 2985 935 3028 extra
952 2984 1035 3027 caten

141 3058 265 3118 omittit.
297 3049 416 3115 Manui.
679 3057 833 3132 repetenti
844 3055 998 3132 Pompeio
1014 3074 1035 3111 n

174 3131 464 3222 sedetnavigatc‘o]
507 3140 547 3219 Q
563 3137 625 3197 sra·
680 3136 789 3220 postea
810 3142 841 3197 in
868 3158 979 3196 navem
1005 3138 1035 3196 d<

137 3226 200 3282 iria.
681 3238 713 3282 et
728 3244 824 3302 quum
838 3223 1033 3306 profugeret,

182 3331 209 3369 2.
240 3305 392 3392 Tigrane]
433 3310 624 3387 „Pompeius
680 3306 756 3367 stare
791 3307 911 3366 deletus
956 3304 999 3366 est
1033 3356 1035 3364 ,

136 3393 207 3477 post
238 3395 430 3473 triumphum
463 3392 625 3452 Mithrida·
681 3394 776 3462 Ilico,
803 3408 838 3451 ut
854 3392 1035 3450 deduceren

137 3487 232 3542 ticum
241 3485 382 3563 Tigranis
395 3477 488 3537 filium
504 3481 625 3536 incate·
683 3478 822 3547 Clodius,
843 3479 911 3536 Sex.
935 3476 1035 3536 Clodii

135 3573 182 3626 nis
193 3567 379 3645 deposuerat
392 3562 624 3644 'apudFiavium
681 3578 746 3642 quo
771 3561 860 3640 supra
887 3561 967 3634 dixi,
989 3569 1035 3620 mi

135 3651 329 3725 senatorem
346 3656 398 3731 qni
411 3645 518 3727 postea
528 3669 624 3729 quum
680 3669 750 3707 eum
768 3648 940 3706 reduceret.
962 3645 1036 3707 Flav

137 3734 213 3797 effer
232 3751 361 3816 praetor
383 3735 497 3793 eodem
528 3753 623 3804 anno,
680 3752 760 3812 que,
793 3735 996 3815 recognita,
1029 3753 1035 3790 r

138 3844 205 3904 quo
219 3820 466 3899 tribunusplebis
476 3817 627 3892 Clodiua3
679 3817 830 3897 piendum·
858 3818 1031 3899 Tigranem

137 3913 218 3988 petit
246 3907 285 3968 ab
315 3927 355 3964 eo
381 3905 509 3964 Clodius
534 3901 624 3982 super
680 3918 747 3961 etus
776 3899 827 3960 est.
878 3902 928 3960 Ad
949 3921 1032 3983 quar

138 4013 288 4064 coenam,
325 4007 361 4050 ut
381 3993 548 4072 Tigranem
569 3987 624 4046 ad·
679 3988 784 4066 pidem
802 3986 839 4046 eb
862 3987 941 4046 urbe
961 3986 1035 4072 pugn

138 4077 212 4138 duci
225 4079 365 4152 iuberet,
390 4091 425 4136 ut
446 4094 518 4135 euin
540 4073 625 4134 vide·
681 4069 740 4147 εἴη
772 4077 891 4154 inquo
915 4072 1035 4133 multi<
