2506 4808
292 331 579 403 EPISTOLA
633 335 870 404 CXLVIIIi

65 547 166 610 quem
194 545 256 611 ego
274 522 426 610 funditus
442 525 596 612 perdidi,
618 523 672 588 sed
695 537 788 589 certe
804 537 841 588 ut
860 525 972 590 facere
997 523 1029 591 se
1049 548 1098 592 ar·

64 631 285 692 bitrarentur.
327 626 393 691 Hic
409 649 493 711 ego,
515 639 676 708 quantum
698 625 848 692 humano
863 626 1001 692 consilio
1024 628 1097 694 esb-

65 750 143 792 cere
161 733 275 815 potui,
298 725 548 813 circumspectis
571 729 672 793 rebus
690 734 773 793 nauis
794 730 974 803 omnibuS‚
995 737 1095 796 ratio·

53 833 234 919 'nibusque
256 827 448 900 subductis,
472 827 633 891 summam
655 830 721 893 seci
743 834 986 916 cogitationum
1009 857 1096 899 mea-

63 953 141 994 rum
157 935 326 994 omnium:
349 950 447 1012 quam
465 931 539 1002 tibi,
558 927 725 1016 sipotero,
750 934 900 997 breviter
917 956 1095 1021 exponam.

167 1032 258 1118 Ego,
281 1030 358 1094 stab
379 1030 563 1116 improbis,
589 1042 622 1092 et
635 1032 777 1117 perditis
794 1036 924 1098 civibus
946 1057 1020 1097 rem
1036 1060 1126 1135 [ιιι-4

64 1131 186 1195 blicam
207 1137 318 1195 teneri
339 1130 511 1203 viderem,
540 1128 621 1193 licut
644 1142 677 1193 et
698 1137 783 1196 meis
805 1138 1015 1220 temporibus
1038 1138 1097 1204 lci-

65 1255 159 1306 mus‚
181 1246 215 1297 et
230 1231 402 1297 nonnullis
420 1230 492 1294 aliis
518 1229 687 1304 accidisse,
709 1255 779 1297 non
802 1236 906 1298 morlo
926 1245 1097 1323 praemiis,

65 1357 149 1418 quae
171 1333 258 1420 aputl
284 1355 339 1396 me
361 1337 537 1396 minimum
552 1332 683 1406 valent,
703 1332 761 1397 sed
781 1357 825 1399 ne
846 1340 1006 1424 periculis
1024 1349 1097 1426 qui⁶

64 1439 142 1500 elem
163 1435 354 1523 compulsus
380 1435 473 1506 ullis,
509 1438 630 1518 quibus
653 1445 766 1498 tamen
789 1453 970 1517 irroremur
994 1449 1096 1509 etiam

64 1535 232 1606 fortissimi
252 1542 335 1609 viri,
377 1536 418 1599 ad
448 1556 566 1599 eorum
591 1534 721 1599 causam
768 1558 823 1602 me
863 1542 1094 1630 adiungerem:

63 1663 107 1705 nc
128 1639 149 1701 si
172 1637 298 1702 summa
320 1637 456 1719 quidem
478 1658 597 1701 eorum
618 1644 654 1701 in
677 1661 730 1702 me
751 1647 871 1705 merita
893 1644 1095 1711 constarent.

66 1741 180 1830 Quum
197 1751 307 1803 autem
323 1745 357 1803 in
372 1762 411 1802 re
424 1738 632 1825 publieaGu.
643 1737 820 1827 Pompeius
835 1750 996 1833 princeps
1005 1747 1097 1823 esset,

66 1849 173 1915 viria,
196 1849 251 1925 qui
267 1840 352 1904 banc
367 1847 564 1929 potentiam,
590 1852 624 1904 et
639 1838 776 1926 gloriam
792 1851 948 1910 maxilitis
965 1853 1001 1910 in
1023 1868 1097 1912 rem

1034 353 1094 426 εἰη
1125 340 1127 347 '

445 2082 714 2096 *-

37 2299 43 2306 .
64 2246 146 2329 post,
169 2269 263 2330 quum
278 2247 475 2311 illeCaesnris
486 2266 554 2310 ncta

62 2339 172 2415 coepit
197 2356 402 2418 oppugnare,
417 2334 555 2418 diligero

14 2482 17 2487 ,
65 2437 271 2497 coeperunt„
297 2423 337 2479 de
374 2421 486 2500 quibua
520 2427 554 2481 in

66 2520 145 2563 orat.
168 2503 208 2561 de
230 2524 320 2583 prov.
346 2504 426 2565 cons.
458 2525 482 2565 c.
503 2527 553 2566 ao.

64 2590 226 2663 lenissime,
249 2592 368 2669 inquit,
383 2588 505 2660 feram,
524 2590 554 2664 si

57 2672 146 2743 farte
165 2685 217 2731 aut
235 2675 271 2732 us
291 2680 386 2732 minus
407 2678 554 2749 probaro,

65 2762 114 2836 qai
142 2780 238 2816 meum
268 2762 434 2832 inimicum,
468 2782 553 2834 repu-

63 2857 175 2921 gnante
215 2836 311 2920 oestro
357 2848 553 2918 auctoritate,

63 2942 219 3002 texerunt,
264 2941 317 2986 ant
349 2933 404 3002 iit,
441 2931 471 3006 si
501 2933 555 3009 qai

63 3037 161 3072 meum
182 3036 247 3080 cum
262 3019 381 3072 inimico
402 3016 453 3086 sno
476 3018 553 3074 redi·

63 3100 126 3158 tiam
142 3102 171 3158 in
189 3105 321 3178 gratt'am
339 3102 554 3174 vituperabunt,

64 3207 155 3267 quum
179 3188 250 3260 ipsi,
274 3197 303 3241 et
326 3205 391 3241 cum
411 3208 494 3257 ineo,
526 3197 555 3243 et

64 3294 130 3328 cum
146 3270 202 3346 suo
226 3273 344 3326 inimico
369 3275 398 3327 in
421 3275 555 3347 gratiam

65 3379 122 3414 non
135 3359 299 3414 dubitarint
315 3359 424 3413 redire.
432 3375 473 3402 '··-
483 3355 554 3414 Ma·

65 3453 128 3500 nul.

99 3524 241 3594 funditus
270 3521 413 3605 perdidi]
437 3522 555 3584 'Plano

63 3610 136 3668 mibi
153 3614 295 3686 impero,
320 3629 360 3668 ne
376 3629 436 3688 qua
454 3613 555 3667 omni·

63 3713 105 3752 nn
126 3699 211 3753 inre
233 3692 351 3754 irascar.
397 3692 554 3752 Dolebetn

62 3783 175 3856 inquit,
197 3796 263 3835 non
279 3774 440 3837 irascebar.
465 3779 554 3838 Hunc

62 3861 117 3921 fibi
133 3861 257 3920 laudem
274 3860 407 3920 adsciscit
425 3862 554 3935 Cicero,

62 3952 94 4007 in
124 3942 254 4026 epistole
286 3947 325 4003 ad
350 3946 554 4020 Caerelliam,

64 4054 100 4091 ex
132 4050 198 4113 qna
222 4032 331 4090 recitet
361 4028 438 4090 haee
460 4033 556 4092 verba

62 4116 272 4204 Quintilianus
287 4112 367 4215 lib·
389 4115 443 4182 Vl.
466 4138 501 4179 c.
517 4127 556 4198 4.

99 4223 157 4276 cte.
178 4221 248 4288 Epp.
274 4221 350 4273 Tam.
371 4219 412 4277 11.

610 2252 681 2305 hoec
703 2258 754 2304 aul
778 2248 877 2305 antino
903 2245 1024 2308 Catonis
1048 2249 1097 2320 fe-

611 2337 704 2391 renda
711 2335 791 2408 sunt,
812 2346 864 2391 orit
878 2331 1027 2401 Ciceronis,
1036 2339 1097 2412 [to-

610 2421 721 2479 tnaclto.
739 2451 782 2465 ·—-
806 2415 925 2477 Manat.

609 2544 615 2553 .
652 2517 682 2582 4.
707 2506 780 2561 ineis
804 2503 1003 2587 ternporibus]
1027 2507 1099 2566 Cin·

610 2608 668 2658 no,
705 2591 829 2658 Mario,
869 2591 954 2650 Sulla
998 2594 1100 2651 domi·

610 2672 764 2734 nantibus.
785 2670 905 2731 Manat.
927 2675 991 2735 Sed
1001 2676 1100 2736 Grae·

611 2765 662 2818 vio
690 2779 709 2817 e
733 2755 861 2841 vestigiis
884 2761 955 2821 cod.
980 2761 1039 2819 Ms-
1066 2765 1099 2823 in

612 2864 678 2924 quo
715 2841 859 2921 scriptum
889 2861 956 2905 eret
991 2846 1099 2904 cinaeis

611 2927 757 3006 placebat
781 2923 921 2987 Cinnanis
958 2934 1099 3004 tempori.-

610 3016 678 3085 bus,
713 3010 796 3071 haud
811 3015 908 3084 male;
928 3017 1100 3073 meisenirn

612 3097 641 3156 h.
662 3096 682 3156 l.
708 3097 888 3178 ambiguum
911 3097 963 3159 est.
1007 3103 1101 3165 Certo

611 3183 734 3262 planius
750 3178 823 3243 esset
838 3185 953 3258 nostris,

654 3269 800 3323 nonnullis
817 3266 907 3350 aliis]
931 3290 1027 3349 quum
1046 3269 1101 3331 de·

612 3372 679 3410 cern
694 3356 748 3411 viri
763 3372 827 3410 rem
845 3355 999 3433 publicam
1015 3371 1103 3423 teno-

611 3452 690 3497 rent.
739 3433 858 3495 Monnt.

654 3519 811 3602 accidisse]
845 3520 951 3602 Vulgo
977 3521 1102 3581 additur

611 3609 792 3680 accepimus,
816 3608 904 3685 quod
915 3608 1055 3673 Victorio
1069 3621 1104 3667 et

612 3690 749 3752 Graevio
764 3692 971 3758 auctoribus,
996 3697 1049 3770 qui
1070 3695 1103 3753 in

611 3773 703 3835 bouis
718 3777 818 3837 codd.
841 3777 873 3835 id
895 3795 960 3835 non
979 3779 1103 3835 invene·
1157 3841 1161 3846 ,

612 3880 708 3932 runt,.
724 3861 834 3921 delevi.
881 3861 926 3918 llo
952 3860 1104 3920 enimde-

610 3943 677 4005 leto
710 3945 838 4007 mollior
868 3942 912 4004 est
934 3944 1070 4011 verboru

610 4027 774 4101 structura.
819 4086 822 4093 .
1067 4052 1070 4059 ’
