2506 4808
298 291 589 395 ,rrrsrou'u
629 292 822 390 oxxrx.
1008 300 1081 412 ‘323

84 514 156 580 iat.
218 510 330 602 Quem
354 534 417 601 ego
438 512 528 576 diem
555 509 576 575 fi
600 513 736 587 videro,
773 507 849 574 etsr
875 515 911 574 in
933 508 1081 576 vestrum

84 616 273 706 mplexuna
289 636 432 687 venero,
455 635 493 677 ac
508 610 527 674 s1
546 624 579 676 ct
598 634 678 687 νοε,
707 625 740 682 et
755 635 808 677 me
823 612 931 701 ipsum
945 634 1083 700 recupe-

84 743 149 793 ro,
183 708 259 781 satis
280 735 440 801 magnum
460 712 544 781 mihi
566 713 717 782 fructum
731 714 873 783 videbor
889 711 1084 809 percepisse,

94 820 234 887 vestrae
248 821 403 904 pietatis,
426 828 460 879 et
475 835 580 879 meae.

128 920 264 986 Pisonis
286 916 492 992 humaniter,
526 923 652 991 virtue,
679 922 832 982 amorio
856 933 976 982 omnes
997 929 1114 993 noS‚5

83 1036 170 1090 utus
187 1021 252 1094 est,
272 1030 312 1084 ut
324 1015 410 1082 nihil
423 1018 519 1106 supra
535 1017 641 1105 possit.
682 1019 822 1084 Utinam
845 1039 952 1087 cares
975 1022 1005 1082 ei
1025 1038 1085 1082 vo·

83 1130 178 1216 ptati
192 1118 247 1187 s1t!
284 1120 410 1210 gloriae
426 1121 561 1202 quidem
578 1121 677 1186 video
703 1123 789 1187 fore.

83 1254 113 1283 a.
137 1226 197 1291 De
213 1223 258 1314 Q
273 1223 379 1287 fratre
395 1217 479 1288 nihil
494 1243 557 1308 ego
573 1234 605 1286 te
625 1222 790 1290 accusavi:
818 1222 873 1287 sed
888 1242 960 1295 vos,
978 1215 1115 1304 quumss

83 1328 256 1396 caesertim
270 1339 341 1390 tam
356 1326 453 1412 pauci
470 1319 556 1395 sitis,
577 1325 669 1391 volui
683 1325 748 1393 esse
765 1349 864 1410 quam
886 1323 1085 1394 coniunctis·

83 1455 172 1501 mos.
218 1429 352 1520 Quibus
368 1445 423 1488 me
438 1422 568 1491 voluisti
583 1447 682 1513 agere
698 1435 842 1521 gratias,
872 1435 944 1518 egi,
976 1441 1010 1497 et
1030 1449 1087 1497 mo

89 1550 127 1602 te
142 1537 326 1599 certiorem
339 1529 467 1593 factum
482 1524 546 1591 esse
564 1527 684 1618 scripsi.

144 1633 249 1727 Quod
270 1631 313 1699 ad
332 1652 406 1707 roe²
433 1651 508 1697 mea
531 1628 718 1710 Terentia,
751 1633 886 1707 scribis,
902 1644 950 1696 'te
970 1635 1116 1705 ricum7

82 1737 293 1804 cudituram:
329 1731 410 1816 quid
434 1729 649 1808 obsecrate,
687 1739 761 1821 (me
780 1728 975 1816 miserums)
1006 1731 1088 1815 quid

82 1854 214 1913 uturum
231 1832 301 1902 est?
342 1835 403 1906 Et,
432 1829 532 1901 finos
548 1847 680 1921 premet
701 1837 816 1903 eadem
831 1838 983 1906 fortuna,
1008 1834 1089 1919 quid

82 1965 169 2027 uero
191 1938 313 2006 misero
336 1932 417 2003 fiet?
459 1932 540 1999 Non
555 1956 643 2021 queo
659 1936 788 2023 reliqua
807 1937 966 2011 scribere,
982 1940 1091 2018 (tanta

81 2048 117 2129 ic
136 2043 354 2111 lacrimarum
371 2033 437 2118 est)
459 2056 568 2116 noque
592 2048 626 2100 te
646 2042 681 2104 in
697 2040 840 2109 errodcm
856 2037 970 2105 fletum
988 2038 1091 2108 addu-

81 2166 148 2229 am.
194 2140 348 2212 Tantum
363 2136 489 2204 scribo:
510 2133 531 2203 fi
549 2151 648 2205 erunt
662 2144 697 2205 in
713 2137 826 2207 officio
843 2145 958 2214 amici,
989 2162 1090 2229 pecu·

81 2252 211 2337 rinnon
234 2244 358 2323 deerit3
385 2235 407 2305 fi
428 2261 497 2302 non
519 2251 638 2311 erunt,
664 2252 702 2307 tu
722 2238 859 2305 efficere
879 2254 937 2304 tua
948 2246 1091 2328 pecunia

81 2370 136 2433 ron
158 2350 303 2436 poteris.
346 2339 412 2407 Per
425 2339 579 2406 fortunas
594 2339 728 2408 miseras
749 2340 898 2414 nostros,
926 2342 1020 2415 vide,
1046 2364 1090 2409 ne

81 2469 208 2539 puerum
225 2444 399 2533 perditum
415 2440 610 2526 perdamus·
656 2445 720 2508 Cui
741 2441 762 2509 s1
787 2442 911 2524 aliquid
933 2446 1016 2511 erit,
1046 2463 1091 2509 ne

80 2548 173 2639 fleat:
204 2545 370 2612 mediocri
388 2548 514 2611 virtute
528 2566 613 2630 opus
632 2541 694 2616 est,
716 2555 750 2607 et
765 2542 927 2610 mediocri
942 2544 1093 2619 fortuna,

80 2652 233 2819 {cetera
254 2645 485 2729 consequatur·
530 2645 594 2711 Fac
608 2644 737 2719 valerie,
767 2645 857 2712 etad
882 2668 935 2719 me
958 2644 1093 2718 tabelia-

83 2754 87 2761 ’
123 2758 289 2823 emittas,
309 2760 348 2814 ut
366 2746 483 2817 sciam,
512 2747 592 2831 quid
617 2761 751 2834 agatur,
781 2761 815 2811 et
836 2769 897 2813 vos
921 2745 1000 2833 quid
1023 2767 1094 2835 aga-

80 2856 128 2935 sis.
166 2850 255 2920 Mihi
268 2854 407 2915 omnino
424 2852 490 2912 iam
507 2849 621 2914 brevis
639 2848 841 2935 exspectatio
857 2847 913 2914 cst.
965 2845 999 2911 T
1000 2846 1095 2913 ullio-

80 2950 141 3031 -ioe,
161 2968 195 3020 et
210 2954 373 3019 Ciceroni
394 2947 529 3013 salutem
546 2950 611 3015 dic.
630 2950 759 3014 Valete.
803 2950 847 3019 D.
871 2973 899 3015 a.
925 2950 957 3013 d.
982 2969 1017 3015 v1
1039 2949 1096 3016 ka-

81 3038 186 3127 hdas
202 3054 432 3122 Decembres,
452 3048 669 3140 Dyrrhachii.

80 3148 91 3203 ἶ·
154 3150 411 3253 Dyrrhachium
427 3157 519 3224 veui,
544 3154 632 3233 quod
651 3167 684 3218 et
702 3154 810 3222 libera
832 3161 950 3221 civitas
969 3146 1041 3238 est3¹
1061 3160 1127 3225 etsi

80 3252 357 3327 iumeofficiosa,
382 3266 416 3318 et
431 3257 587 3338 proxima
602 3254 725 3320 Italiae.
771 3254 842 3321 Sed
866 3254 887 3318 fi
912 3278 966 3319 me
988 3257 1100 3337 offerr-

82 3342 131 3437 ‚sflt
142 3358 210 3431 loci
225 3356 418 3429 celebritas,
441 3353 504 3421 alio
521 3377 575 3420 mc
595 3357 780 3431 conseram,
796 3358 838 3425 ad
855 3372 889 3423 te
902 3357 1056 3426 scribam.

454 3546 724 3563 mum-¹·-

116 3653 253 3737 esficere]
294 3666 330 3711 ut
344 3647 494 3712 restituar.
610 3655 746 3712 utinen
764 3653 899 3715 Romani
919 3655 1033 3719 exsules
1056 3675 1104 3722 iu·

115 3745 269 3823 perditum
283 3735 457 3816 perdamus]
491 3755 563 3813 per·
618 3752 653 3800 to
669 3735 728 3796 ess'e
745 3737 866 3817 possint,

78 3818 476 3893 iitumceiamitatenostra;
493 3840 564 3898 per·
663 3823 691 3882 in
710 3846 756 3881 mc
772 3823 920 3909 officiosa]
941 3835 1012 3910 quia
1030 3830 1106 3890 sem.

78 3918 183 3979 samua
199 3916 269 3971 vico
291 3907 437 3975 vendito,
464 3921 495 3962 et
519 3910 565 3968 rei
620 3926 776 3986 peteme
799 3913 933 3971 dei'enia.
968 3915 1035 3975 vui
1053 3937 1105 3995 cp.

78 4000 234 4065 familiaris
250 3999 376 4052 iactura.
400 3988 520 4050 Manat.
623 4003 672 4067 78.
702 4010 733 4054 et
755 4012 834 4057 orat.
864 4018 924 4078 pro
949 3999 1050 4065 Plane.
1080 4022 1104 4065 ι,

113 4090 212 4151 libera
235 4075 364 4159 civitas]
409 4074 452 4135 sui
474 4078 565 4153 iuris3
621 4073 743 4142 Manat,
