<?xml version="1.0" encoding="UTF-8"?>
<!DOCTYPE html PUBLIC "-//W3C//DTD XHTML 1.0 Transitional//EN"
    "http://www.w3.org/TR/xhtml1/DTD/xhtml1-transitional.dtd">
<html xmlns="http://www.w3.org/1999/xhtml" xml:lang="en" lang="en">
 <head>
  <title>
</title>
<meta http-equiv="Content-Type" content="text/html;charset=utf-8" />
  <meta name='ocr-system' content='tesseract 3.04.00' />
  <meta name='ocr-capabilities' content='ocr_page ocr_carea ocr_par ocr_line ocrx_word'/>
</head>
<body>
  <div class='ocr_page' id='page_1' title='image "./mtciceronisepis00billgoog/mtciceronisepis00billgoog_0107.png"; bbox 0 0 2506 4808; ppageno 0'>
   <div class='ocr_carea' id='block_1_1' title="bbox 134 272 886 370">
    <p class='ocr_par' dir='ltr' id='par_1_1' title="bbox 134 272 886 370">
     <span class='ocr_line' id='line_1_1' title="bbox 134 272 886 370; baseline -0.001 -25"><span class='ocrx_word' id='word_1_1' title='bbox 134 272 182 370; x_wconf 58' lang='lat' dir='ltr'>„e</span> <span class='ocrx_word' id='word_1_2' title='bbox 415 274 706 347; x_wconf 78' lang='lat' dir='ltr'>urrsroun</span> <span class='ocrx_word' id='word_1_3' title='bbox 748 276 886 346; x_wconf 76' lang='lat' dir='ltr'>nuri.-</span> 
     </span>
    </p>
   </div>
   <div class='ocr_carea' id='block_1_2' title="bbox 109 456 1070 3101">
    <p class='ocr_par' dir='ltr' id='par_1_2' title="bbox 132 456 1070 1046">
     <span class='ocr_line' id='line_1_2' title="bbox 133 456 1063 557; baseline 0 -19"><span class='ocrx_word' id='word_1_4' title='bbox 133 456 328 538; x_wconf 81' lang='lat' dir='ltr'>testifieata&#39;</span> <span class='ocrx_word' id='word_1_5' title='bbox 350 480 408 534; x_wconf 86' lang='lat' dir='ltr'>tua</span> <span class='ocrx_word' id='word_1_6' title='bbox 441 467 598 535; x_wconf 86' lang='lat' dir='ltr'>voluntas</span> <span class='ocrx_word' id='word_1_7' title='bbox 633 466 840 533; x_wconf 84' lang='lat' dir='ltr'>omittendae</span> <span class='ocrx_word' id='word_1_8' title='bbox 867 474 1063 557; x_wconf 81' lang='lat' dir='ltr'>provinciae</span> 
     </span>
     <span class='ocr_line' id='line_1_3' title="bbox 139 566 1070 659; baseline 0.005 -23"><span class='ocrx_word' id='word_1_9' title='bbox 139 571 235 659; x_wconf 87' lang='lat' dir='ltr'>quod</span> <span class='ocrx_word' id='word_1_10' title='bbox 248 593 317 636; x_wconf 88' lang='lat' dir='ltr'>una</span> <span class='ocrx_word' id='word_1_11' title='bbox 331 592 401 636; x_wconf 91' lang='lat' dir='ltr'>non</span> <span class='ocrx_word' id='word_1_12' title='bbox 418 569 515 646; x_wconf 88' lang='lat' dir='ltr'>estis,</span> <span class='ocrx_word' id='word_1_13' title='bbox 536 592 606 636; x_wconf 89' lang='lat' dir='ltr'>non</span> <span class='ocrx_word' id='word_1_14' title='bbox 623 566 830 645; x_wconf 87' lang='lat' dir='ltr'>dissensione,</span> <span class='ocrx_word' id='word_1_15' title='bbox 852 593 889 636; x_wconf 93' lang='lat' dir='ltr'>ac</span> <span class='ocrx_word' id='word_1_16' title='bbox 910 571 1070 641; x_wconf 80' lang='lat' dir='ltr'>dissrdior</span> 
     </span>
     <span class='ocr_line' id='line_1_4' title="bbox 134 671 1068 748; baseline -0.001 -7"><span class='ocrx_word' id='word_1_17' title='bbox 134 673 197 741; x_wconf 85' lang='lat' dir='ltr'>¹sed</span> <span class='ocrx_word' id='word_1_18' title='bbox 220 671 414 748; x_wconf 86' lang='lat' dir='ltr'>voluntate,</span> <span class='ocrx_word' id='word_1_19' title='bbox 456 694 494 737; x_wconf 89' lang='lat' dir='ltr'>ae</span> <span class='ocrx_word' id='word_1_20' title='bbox 521 673 649 738; x_wconf 89' lang='lat' dir='ltr'>iudicio</span> <span class='ocrx_word' id='word_1_21' title='bbox 679 683 739 736; x_wconf 89' lang='lat' dir='ltr'>tuo</span> <span class='ocrx_word' id='word_1_22' title='bbox 766 672 895 737; x_wconf 88' lang='lat' dir='ltr'>factum</span> <span class='ocrx_word' id='word_1_23' title='bbox 916 673 981 740; x_wconf 86' lang='lat' dir='ltr'>esse</span> <span class='ocrx_word' id='word_1_24' title='bbox 1011 676 1068 742; x_wconf 90' lang='lat' dir='ltr'>vid</span> 
     </span>
     <span class='ocr_line' id='line_1_5' title="bbox 133 773 1070 868; baseline 0.001 -27"><span class='ocrx_word' id='word_1_25' title='bbox 133 774 257 868; x_wconf 82' lang='lat' dir='ltr'>&#39;Quare</span> <span class='ocrx_word' id='word_1_26' title='bbox 283 786 317 838; x_wconf 91' lang='lat' dir='ltr'>et</span> <span class='ocrx_word' id='word_1_27' title='bbox 338 773 410 848; x_wconf 87' lang='lat' dir='ltr'>illa,</span> <span class='ocrx_word' id='word_1_28' title='bbox 430 796 514 858; x_wconf 83' lang='lat' dir='ltr'>quae</span> <span class='ocrx_word' id='word_1_29' title='bbox 530 775 669 846; x_wconf 87' lang='lat' dir='ltr'>violata,</span> <span class='ocrx_word' id='word_1_30' title='bbox 692 776 933 861; x_wconf 83' lang='lat' dir='ltr'>expiabuntur3</span> <span class='ocrx_word' id='word_1_31' title='bbox 959 789 994 841; x_wconf 86' lang='lat' dir='ltr'>et</span> <span class='ocrx_word' id='word_1_32' title='bbox 1016 774 1070 842; x_wconf 69' lang='lat' dir='ltr'>ha&lt;</span> 
     </span>
     <span class='ocr_line' id='line_1_6' title="bbox 134 873 1070 959; baseline -0.004 -17"><span class='ocrx_word' id='word_1_33' title='bbox 134 876 224 951; x_wconf 83' lang='lat' dir='ltr'>stra,</span> <span class='ocrx_word' id='word_1_34' title='bbox 260 896 343 959; x_wconf 91' lang='lat' dir='ltr'>quae</span> <span class='ocrx_word' id='word_1_35' title='bbox 371 874 445 941; x_wconf 88' lang='lat' dir='ltr'>sunt</span> <span class='ocrx_word' id='word_1_36' title='bbox 466 873 663 941; x_wconf 88' lang='lat' dir='ltr'>sanctilfime</span> <span class='ocrx_word' id='word_1_37' title='bbox 687 873 898 951; x_wconf 83' lang='lat' dir='ltr'>conservata,</span> <span class='ocrx_word' id='word_1_38' title='bbox 931 877 1024 945; x_wconf 83' lang='lat' dir='ltr'>suam</span> <span class='ocrx_word' id='word_1_39' title='bbox 1046 903 1070 945; x_wconf 65' lang='lat' dir='ltr'>r.</span> 
     </span>
     <span class='ocr_line' id='line_1_7' title="bbox 132 974 924 1046; baseline -0.005 0"><span class='ocrx_word' id='word_1_40' title='bbox 132 991 222 1046; x_wconf 89' lang='lat' dir='ltr'>&#39;nem</span> <span class='ocrx_word' id='word_1_41' title='bbox 248 979 463 1042; x_wconf 86' lang='lat' dir='ltr'>obtinebunt.</span> <span class='ocrx_word' id='word_1_42' title='bbox 830 974 833 981; x_wconf 79' lang='grc'>’</span> <span class='ocrx_word' id='word_1_43' title='bbox 918 1004 924 1011; x_wconf 87' lang='grc'><em>·</em></span> 
     </span>
    </p>

    <p class='ocr_par' dir='ltr' id='par_1_3' title="bbox 109 1068 1070 3101">
     <span class='ocr_line' id='line_1_8' title="bbox 109 1068 1069 1163; baseline 0.002 -19"><span class='ocrx_word' id='word_1_44' title='bbox 109 1087 131 1154; x_wconf 82' lang='grc'><strong>3</strong></span> <span class='ocrx_word' id='word_1_45' title='bbox 224 1080 297 1145; x_wconf 83' lang='lat' dir='ltr'>Nos</span> <span class='ocrx_word' id='word_1_46' title='bbox 318 1077 374 1143; x_wconf 89' lang='lat' dir='ltr'>hic</span> <span class='ocrx_word' id='word_1_47' title='bbox 398 1083 433 1142; x_wconf 91' lang='lat' dir='ltr'>in</span> <span class='ocrx_word' id='word_1_48' title='bbox 456 1098 493 1140; x_wconf 93' lang='lat' dir='ltr'>re</span> <span class='ocrx_word' id='word_1_49' title='bbox 511 1068 647 1163; x_wconf 86' lang='lat' dir='ltr'>publica</span> <span class='ocrx_word' id='word_1_50' title='bbox 664 1071 816 1151; x_wconf 80' lang='lat' dir='ltr'>infirma,</span> <span class='ocrx_word' id='word_1_51' title='bbox 835 1077 971 1159; x_wconf 86' lang='lat' dir='ltr'>misera,</span> <span class='ocrx_word' id='word_1_52' title='bbox 991 1108 1069 1153; x_wconf 83' lang='lat' dir='ltr'>eom</span> 
     </span>
     <span class='ocr_line' id='line_1_9' title="bbox 137 1175 1070 1267; baseline 0 -19"><span class='ocrx_word' id='word_1_53' title='bbox 137 1183 265 1267; x_wconf 87' lang='lat' dir='ltr'>bilique</span> <span class='ocrx_word' id='word_1_54' title='bbox 294 1177 475 1246; x_wconf 78' lang='lat' dir='ltr'>versamur.</span> <span class='ocrx_word' id='word_1_55' title='bbox 535 1175 650 1241; x_wconf 88' lang='lat' dir='ltr'>Credo</span> <span class='ocrx_word' id='word_1_56' title='bbox 678 1183 768 1241; x_wconf 89' lang='lat' dir='ltr'>enirn</span> <span class='ocrx_word' id='word_1_57' title='bbox 796 1190 830 1244; x_wconf 91' lang='lat' dir='ltr'>te</span> <span class='ocrx_word' id='word_1_58' title='bbox 860 1182 1003 1262; x_wconf 83' lang='lat' dir='ltr'><strong>audisse,</strong></span> <span class='ocrx_word' id='word_1_59' title='bbox 1040 1212 1070 1254; x_wconf 72' lang='lat' dir='ltr'>n·</span> 
     </span>
     <span class='ocr_line' id='line_1_10' title="bbox 132 1278 1069 1377; baseline 0.009 -29"><span class='ocrx_word' id='word_1_60' title='bbox 132 1289 277 1368; x_wconf 85' lang='lat' dir='ltr'>&#39;equites</span> <span class='ocrx_word' id='word_1_61' title='bbox 299 1302 406 1371; x_wconf 89' lang='lat' dir='ltr'>paene</span> <span class='ocrx_word' id='word_1_62' title='bbox 427 1302 445 1343; x_wconf 89' lang='lat' dir='ltr'>a</span> <span class='ocrx_word' id='word_1_63' title='bbox 468 1278 582 1343; x_wconf 88' lang='lat' dir='ltr'>senatu</span> <span class='ocrx_word' id='word_1_64' title='bbox 608 1278 674 1343; x_wconf 89' lang='lat' dir='ltr'>esse</span> <span class='ocrx_word' id='word_1_65' title='bbox 697 1278 889 1349; x_wconf 88' lang='lat' dir='ltr'>disiunctos</span> <span class='ocrx_word' id='word_1_66' title='bbox 897 1307 906 1368; x_wconf 92' lang='lat'>;</span> <span class='ocrx_word' id='word_1_67' title='bbox 943 1294 1001 1370; x_wconf 88' lang='lat' dir='ltr'>qni</span> <span class='ocrx_word' id='word_1_68' title='bbox 1027 1312 1069 1377; x_wconf 90' lang='lat' dir='ltr'>pr</span> 
     </span>
     <span class='ocr_line' id='line_1_11' title="bbox 135 1381 1069 1474; baseline 0.006 -25"><span class='ocrx_word' id='word_1_69' title='bbox 135 1385 227 1454; x_wconf 83' lang='lat' dir='ltr'>illud</span> <span class='ocrx_word' id='word_1_70' title='bbox 241 1382 338 1450; x_wconf 87' lang='lat' dir='ltr'>valde</span> <span class='ocrx_word' id='word_1_71' title='bbox 355 1387 503 1470; x_wconf 85' lang='lat' dir='ltr'>graviter</span> <span class='ocrx_word' id='word_1_72' title='bbox 524 1381 696 1456; x_wconf 87' lang='lat' dir='ltr'>tulerunt,</span> <span class='ocrx_word' id='word_1_73' title='bbox 716 1385 969 1474; x_wconf 82' lang='lat' dir='ltr'>promulgatum</span> <span class='ocrx_word' id='word_1_74' title='bbox 984 1411 1029 1453; x_wconf 87' lang='lat' dir='ltr'>ex</span> <span class='ocrx_word' id='word_1_75' title='bbox 1043 1390 1069 1456; x_wconf 87' lang='lat' dir='ltr'>se</span> 
     </span>
     <span class='ocr_line' id='line_1_12' title="bbox 131 1482 1055 1571; baseline 0.002 -17"><span class='ocrx_word' id='word_1_76' title='bbox 131 1486 296 1554; x_wconf 84' lang='lat' dir='ltr'>&#39;consulto</span> <span class='ocrx_word' id='word_1_77' title='bbox 318 1483 431 1557; x_wconf 86' lang='lat' dir='ltr'>fuisse,</span> <span class='ocrx_word' id='word_1_78' title='bbox 460 1494 499 1547; x_wconf 88' lang='lat' dir='ltr'>ut</span> <span class='ocrx_word' id='word_1_79' title='bbox 520 1482 562 1545; x_wconf 92' lang='lat' dir='ltr'>de</span> <span class='ocrx_word' id='word_1_80' title='bbox 585 1487 645 1559; x_wconf 90' lang='lat' dir='ltr'>iis,</span> <span class='ocrx_word' id='word_1_81' title='bbox 684 1490 741 1571; x_wconf 93' lang='lat' dir='ltr'>qui</span> <span class='ocrx_word' id='word_1_82' title='bbox 765 1486 811 1550; x_wconf 92' lang='lat' dir='ltr'>ob</span> <span class='ocrx_word' id='word_1_83' title='bbox 835 1488 1055 1557; x_wconf 88' lang='lat' dir='ltr'>indicandum</span> 
     </span>
     <span class='ocr_line' id='line_1_13' title="bbox 137 1584 1069 1677; baseline 0.005 -24"><span class='ocrx_word' id='word_1_84' title='bbox 137 1595 231 1655; x_wconf 85' lang='lat' dir='ltr'>niam</span> <span class='ocrx_word' id='word_1_85' title='bbox 246 1584 465 1676; x_wconf 80' lang='lat' dir='ltr'>accepissent,</span> <span class='ocrx_word' id='word_1_86' title='bbox 487 1598 717 1667; x_wconf 84' lang='lat' dir='ltr'>quaereretur.</span> <span class='ocrx_word' id='word_1_87' title='bbox 762 1586 839 1677; x_wconf 82' lang='lat' dir='ltr'>Qua</span> <span class='ocrx_word' id='word_1_88' title='bbox 852 1593 886 1652; x_wconf 93' lang='lat' dir='ltr'>in</span> <span class='ocrx_word' id='word_1_89' title='bbox 906 1611 943 1654; x_wconf 89' lang='lat' dir='ltr'>re</span> <span class='ocrx_word' id='word_1_90' title='bbox 961 1591 1069 1658; x_wconf 82' lang='lat' dir='ltr'>decen</span> 
     </span>
     <span class='ocr_line' id='line_1_14' title="bbox 140 1685 1056 1778; baseline 0.005 -24"><span class='ocrx_word' id='word_1_91' title='bbox 140 1712 245 1775; x_wconf 89' lang='lat' dir='ltr'>quum</span> <span class='ocrx_word' id='word_1_92' title='bbox 268 1710 331 1778; x_wconf 89' lang='lat' dir='ltr'>ego</span> <span class='ocrx_word' id='word_1_93' title='bbox 356 1686 432 1751; x_wconf 89' lang='lat' dir='ltr'>casu</span> <span class='ocrx_word' id='word_1_94' title='bbox 452 1708 524 1750; x_wconf 91' lang='lat' dir='ltr'>non</span> <span class='ocrx_word' id='word_1_95' title='bbox 549 1685 728 1763; x_wconf 82' lang='lat' dir='ltr'>affuissem,</span> <span class='ocrx_word' id='word_1_96' title='bbox 763 1687 1001 1776; x_wconf 75' lang='lat' dir='ltr'>sensissemque!</span> <span class='ocrx_word' id='word_1_97' title='bbox 1021 1696 1056 1760; x_wconf 92' lang='lat' dir='ltr'>id</span> 
     </span>
     <span class='ocr_line' id='line_1_15' title="bbox 139 1787 1067 1882; baseline 0.006 -26"><span class='ocrx_word' id='word_1_98' title='bbox 139 1791 243 1856; x_wconf 89' lang='lat' dir='ltr'>strem</span> <span class='ocrx_word' id='word_1_99' title='bbox 272 1789 429 1855; x_wconf 87' lang='lat' dir='ltr'>ordinem</span> <span class='ocrx_word' id='word_1_100' title='bbox 459 1788 551 1851; x_wconf 90' lang='lat' dir='ltr'>ferre</span> <span class='ocrx_word' id='word_1_101' title='bbox 575 1787 734 1864; x_wconf 81' lang='lat' dir='ltr'>moleste,</span> <span class='ocrx_word' id='word_1_102' title='bbox 772 1813 882 1875; x_wconf 89' lang='lat' dir='ltr'>neque</span> <span class='ocrx_word' id='word_1_103' title='bbox 907 1809 1023 1882; x_wconf 88' lang='lat' dir='ltr'>aperte</span> <span class='ocrx_word' id='word_1_104' title='bbox 1045 1799 1067 1862; x_wconf 96' lang='lat' dir='ltr'>d</span> 
     </span>
     <span class='ocr_line' id='line_1_16' title="bbox 143 1887 1069 1980; baseline 0.006 -23"><span class='ocrx_word' id='word_1_105' title='bbox 143 1894 318 1980; x_wconf 84' lang='lat' dir='ltr'>obiurgavi</span> <span class='ocrx_word' id='word_1_106' title='bbox 346 1887 514 1962; x_wconf 87' lang='lat' dir='ltr'>senatum,</span> <span class='ocrx_word' id='word_1_107' title='bbox 549 1902 588 1954; x_wconf 88' lang='lat' dir='ltr'>ut</span> <span class='ocrx_word' id='word_1_108' title='bbox 608 1888 692 1956; x_wconf 89' lang='lat' dir='ltr'>mihi</span> <span class='ocrx_word' id='word_1_109' title='bbox 712 1890 801 1958; x_wconf 81' lang='lat' dir='ltr'>visus</span> <span class='ocrx_word' id='word_1_110' title='bbox 821 1892 911 1968; x_wconf 88' lang='lat' dir='ltr'>sum,</span> <span class='ocrx_word' id='word_1_111' title='bbox 947 1894 1069 1963; x_wconf 80' lang='lat' dir='ltr'>summa</span> 
     </span>
     <span class='ocr_line' id='line_1_17' title="bbox 140 1990 1068 2074; baseline 0.004 -15"><span class='ocrx_word' id='word_1_112' title='bbox 140 2000 357 2074; x_wconf 82' lang='lat' dir='ltr'>auctoritate3</span> <span class='ocrx_word' id='word_1_113' title='bbox 394 2003 429 2054; x_wconf 91' lang='lat' dir='ltr'>et</span> <span class='ocrx_word' id='word_1_114' title='bbox 455 1995 491 2054; x_wconf 91' lang='lat' dir='ltr'>in</span> <span class='ocrx_word' id='word_1_115' title='bbox 521 1990 618 2055; x_wconf 89' lang='lat' dir='ltr'>causa</span> <span class='ocrx_word' id='word_1_116' title='bbox 643 2014 715 2063; x_wconf 91' lang='lat' dir='ltr'>non</span> <span class='ocrx_word' id='word_1_117' title='bbox 744 1995 956 2070; x_wconf 88' lang='lat' dir='ltr'>verecunda,</span> <span class='ocrx_word' id='word_1_118' title='bbox 990 1998 1068 2063; x_wconf 91' lang='lat' dir='ltr'>adrn</span> 
     </span>
     <span class='ocr_line' id='line_1_18' title="bbox 137 2090 1068 2185; baseline 0.008 -26"><span class='ocrx_word' id='word_1_119' title='bbox 137 2101 271 2185; x_wconf 79' lang='lat' dir='ltr'>gravi3‚</span> <span class='ocrx_word' id='word_1_120' title='bbox 292 2090 499 2181; x_wconf 82' lang='lat' dir='ltr'>et;copi0sus</span> <span class='ocrx_word' id='word_1_121' title='bbox 522 2091 582 2156; x_wconf 84' lang='lat' dir='ltr'>sui.</span> <span class='ocrx_word' id='word_1_122' title='bbox 625 2094 717 2160; x_wconf 88' lang='lat' dir='ltr'>Ecce</span> <span class='ocrx_word' id='word_1_123' title='bbox 740 2094 821 2161; x_wconf 85' lang='lat' dir='ltr'>aliae</span> <span class='ocrx_word' id='word_1_124' title='bbox 842 2096 981 2162; x_wconf 86' lang='lat' dir='ltr'>deliciae</span> <span class='ocrx_word' id='word_1_125' title='bbox 1008 2120 1068 2184; x_wconf 86' lang='lat' dir='ltr'>equ</span> 
     </span>
     <span class='ocr_line' id='line_1_19' title="bbox 131 2193 1068 2280; baseline 0.007 -19"><span class='ocrx_word' id='word_1_126' title='bbox 131 2203 197 2262; x_wconf 84' lang='lat' dir='ltr'>&#39;vix</span> <span class='ocrx_word' id='word_1_127' title='bbox 213 2193 397 2271; x_wconf 69' lang='lat' dir='ltr'>ferendae,</span> <span class='ocrx_word' id='word_1_128' title='bbox 418 2213 501 2278; x_wconf 87' lang='lat' dir='ltr'>quas</span> <span class='ocrx_word' id='word_1_129' title='bbox 525 2214 588 2280; x_wconf 85' lang='lat' dir='ltr'>ego</span> <span class='ocrx_word' id='word_1_130' title='bbox 611 2217 680 2260; x_wconf 90' lang='lat' dir='ltr'>non</span> <span class='ocrx_word' id='word_1_131' title='bbox 702 2194 808 2262; x_wconf 90' lang='lat' dir='ltr'>solum</span> <span class='ocrx_word' id='word_1_132' title='bbox 830 2196 910 2272; x_wconf 91' lang='lat' dir='ltr'>tuli,</span> <span class='ocrx_word' id='word_1_133' title='bbox 930 2197 987 2264; x_wconf 86' lang='lat' dir='ltr'>sed</span> <span class='ocrx_word' id='word_1_134' title='bbox 1004 2209 1068 2269; x_wconf 87' lang='lat' dir='ltr'>etia</span> 
     </span>
     <span class='ocr_line' id='line_1_20' title="bbox 137 2293 1048 2378; baseline 0.004 -15"><span class='ocrx_word' id='word_1_135' title='bbox 137 2302 227 2366; x_wconf 83' lang='lat' dir='ltr'>navi.</span> <span class='ocrx_word' id='word_1_136' title='bbox 271 2294 405 2369; x_wconf 73' lang='lat' dir='ltr'>Alani,</span> <span class='ocrx_word' id='word_1_137' title='bbox 427 2299 484 2377; x_wconf 90' lang='lat' dir='ltr'>qui</span> <span class='ocrx_word' id='word_1_138' title='bbox 506 2293 548 2357; x_wconf 93' lang='lat' dir='ltr'>de</span> <span class='ocrx_word' id='word_1_139' title='bbox 571 2295 765 2364; x_wconf 87' lang='lat' dir='ltr'>censoribus</span> <span class='ocrx_word' id='word_1_140' title='bbox 790 2301 1048 2378; x_wconf 85' lang='lat' dir='ltr'>conduxerant,</span> 
     </span>
     <span class='ocr_line' id='line_1_21' title="bbox 128 2394 1068 2488; baseline 0.003 -23"><span class='ocrx_word' id='word_1_141' title='bbox 128 2398 214 2465; x_wconf 90' lang='lat' dir='ltr'>&#39;sunt</span> <span class='ocrx_word' id='word_1_142' title='bbox 235 2403 272 2463; x_wconf 91' lang='lat' dir='ltr'>in</span> <span class='ocrx_word' id='word_1_143' title='bbox 291 2397 421 2470; x_wconf 88' lang='lat' dir='ltr'>senatu,</span> <span class='ocrx_word' id='word_1_144' title='bbox 449 2394 498 2469; x_wconf 84' lang='lat' dir='ltr'>se,</span> <span class='ocrx_word' id='word_1_145' title='bbox 529 2399 710 2484; x_wconf 89' lang='lat' dir='ltr'>cupiditate</span> <span class='ocrx_word' id='word_1_146' title='bbox 733 2400 924 2488; x_wconf 79' lang='lat' dir='ltr'>prolapsOS,</span> <span class='ocrx_word' id='word_1_147' title='bbox 945 2408 1068 2470; x_wconf 89' lang='lat' dir='ltr'>nimiur</span> 
     </span>
     <span class='ocr_line' id='line_1_22' title="bbox 128 2499 1068 2593; baseline 0.005 -29"><span class='ocrx_word' id='word_1_148' title='bbox 128 2513 208 2589; x_wconf 79' lang='lat' dir='ltr'>‘gno</span> <span class='ocrx_word' id='word_1_149' title='bbox 225 2499 441 2579; x_wconf 79' lang='lat' dir='ltr'>conduxisse3</span> <span class='ocrx_word' id='word_1_150' title='bbox 465 2510 505 2561; x_wconf 91' lang='lat' dir='ltr'>ut</span> <span class='ocrx_word' id='word_1_151' title='bbox 518 2499 739 2567; x_wconf 88' lang='lat' dir='ltr'>induceretur</span> <span class='ocrx_word' id='word_1_152' title='bbox 752 2501 891 2578; x_wconf 85' lang='lat' dir='ltr'>locatio,</span> <span class='ocrx_word' id='word_1_153' title='bbox 909 2505 1068 2593; x_wconf 62' lang='lat' dir='ltr'>postulavi</span> 
     </span>
     <span class='ocr_line' id='line_1_23' title="bbox 130 2599 1068 2692; baseline 0.007 -25"><span class='ocrx_word' id='word_1_154' title='bbox 130 2603 211 2691; x_wconf 79' lang='lat' dir='ltr'>‘Ego</span> <span class='ocrx_word' id='word_1_155' title='bbox 236 2607 397 2692; x_wconf 88' lang='lat' dir='ltr'>princeps</span> <span class='ocrx_word' id='word_1_156' title='bbox 419 2605 456 2663; x_wconf 92' lang='lat' dir='ltr'>iu</span> <span class='ocrx_word' id='word_1_157' title='bbox 479 2599 710 2676; x_wconf 68' lang='lat' dir='ltr'>adiutoribus,</span> <span class='ocrx_word' id='word_1_158' title='bbox 752 2617 850 2687; x_wconf 93' lang='lat' dir='ltr'>atque</span> <span class='ocrx_word' id='word_1_159' title='bbox 879 2606 963 2670; x_wconf 88' lang='lat' dir='ltr'>adeo</span> <span class='ocrx_word' id='word_1_160' title='bbox 992 2606 1068 2675; x_wconf 89' lang='lat' dir='ltr'>secu</span> 
     </span>
     <span class='ocr_line' id='line_1_24' title="bbox 137 2699 1067 2792; baseline 0.009 -23"><span class='ocrx_word' id='word_1_161' title='bbox 137 2702 245 2778; x_wconf 85' lang='lat' dir='ltr'>Nam,</span> <span class='ocrx_word' id='word_1_162' title='bbox 269 2715 307 2768; x_wconf 92' lang='lat' dir='ltr'>ut</span> <span class='ocrx_word' id='word_1_163' title='bbox 328 2699 377 2766; x_wconf 89' lang='lat' dir='ltr'>illi</span> <span class='ocrx_word' id='word_1_164' title='bbox 399 2701 562 2765; x_wconf 89' lang='lat' dir='ltr'>auderent</span> <span class='ocrx_word' id='word_1_165' title='bbox 585 2700 649 2766; x_wconf 89' lang='lat' dir='ltr'>hoc</span> <span class='ocrx_word' id='word_1_166' title='bbox 673 2701 858 2792; x_wconf 85' lang='lat' dir='ltr'>postulare,</span> <span class='ocrx_word' id='word_1_167' title='bbox 878 2706 1014 2775; x_wconf 85' lang='lat' dir='ltr'>Crassus</span> <span class='ocrx_word' id='word_1_168' title='bbox 1033 2734 1067 2776; x_wconf 86' lang='lat' dir='ltr'>ec</span> 
     </span>
     <span class='ocr_line' id='line_1_25' title="bbox 130 2800 1067 2894; baseline 0.007 -25"><span class='ocrx_word' id='word_1_169' title='bbox 130 2806 233 2894; x_wconf 78' lang='lat' dir='ltr'>&#39;pulit</span> <span class='ocrx_word' id='word_1_170' title='bbox 276 2800 441 2868; x_wconf 85' lang='lat' dir='ltr'>Invidiosa</span> <span class='ocrx_word' id='word_1_171' title='bbox 469 2825 543 2877; x_wconf 89' lang='lat' dir='ltr'>res,</span> <span class='ocrx_word' id='word_1_172' title='bbox 578 2810 686 2892; x_wconf 86' lang='lat' dir='ltr'>turpis</span> <span class='ocrx_word' id='word_1_173' title='bbox 718 2805 911 2893; x_wconf 87' lang='lat' dir='ltr'>postulati0‚</span> <span class='ocrx_word' id='word_1_174' title='bbox 947 2822 982 2872; x_wconf 88' lang='lat' dir='ltr'>et</span> <span class='ocrx_word' id='word_1_175' title='bbox 1014 2835 1067 2879; x_wconf 86' lang='lat' dir='ltr'>eor</span> 
     </span>
     <span class='ocr_line' id='line_1_26' title="bbox 136 2902 1067 2994; baseline 0.008 -24"><span class='ocrx_word' id='word_1_176' title='bbox 136 2911 345 2970; x_wconf 86' lang='lat' dir='ltr'>temeritatis.</span> <span class='ocrx_word' id='word_1_177' title='bbox 391 2902 571 2970; x_wconf 87' lang='lat' dir='ltr'>Summum</span> <span class='ocrx_word' id='word_1_178' title='bbox 592 2920 663 2970; x_wconf 82' lang='lat' dir='ltr'>erat</span> <span class='ocrx_word' id='word_1_179' title='bbox 678 2905 886 2994; x_wconf 87' lang='lat' dir='ltr'>periculum,</span> <span class='ocrx_word' id='word_1_180' title='bbox 906 2932 949 2973; x_wconf 90' lang='lat' dir='ltr'>ne</span> <span class='ocrx_word' id='word_1_181' title='bbox 967 2910 988 2973; x_wconf 83' lang='lat' dir='ltr'><strong>fi</strong></span> <span class='ocrx_word' id='word_1_182' title='bbox 1012 2914 1067 2979; x_wconf 86' lang='lat' dir='ltr'>nih</span> 
     </span>
     <span class='ocr_line' id='line_1_27' title="bbox 136 3005 1067 3101; baseline 0.009 -29"><span class='ocrx_word' id='word_1_183' title='bbox 136 3005 335 3095; x_wconf 86' lang='lat' dir='ltr'>petrassent‚</span> <span class='ocrx_word' id='word_1_184' title='bbox 356 3005 456 3094; x_wconf 87' lang='lat' dir='ltr'>plane</span> <span class='ocrx_word' id='word_1_185' title='bbox 479 3006 706 3071; x_wconf 83' lang='lat' dir='ltr'>alienarentur</span> <span class='ocrx_word' id='word_1_186' title='bbox 726 3028 745 3072; x_wconf 84' lang='lat' dir='ltr'>a</span> <span class='ocrx_word' id='word_1_187' title='bbox 765 3007 889 3074; x_wconf 82' lang='lat' dir='ltr'>senatu.</span> <span class='ocrx_word' id='word_1_188' title='bbox 932 3010 1023 3078; x_wconf 88' lang='lat' dir='ltr'>Huic</span> <span class='ocrx_word' id='word_1_189' title='bbox 1041 3038 1067 3101; x_wconf 71' lang='lat' dir='ltr'>qr</span> 
     </span>
    </p>
   </div>
   <div class='ocr_carea' id='block_1_3' title="bbox 131 3262 1067 4115">
    <p class='ocr_par' dir='ltr' id='par_1_4' title="bbox 131 3262 1067 3948">
     <span class='ocr_line' id='line_1_28' title="bbox 177 3262 1067 3355; baseline 0.015 -33"><span class='ocrx_word' id='word_1_190' title='bbox 177 3279 208 3340; x_wconf 78' lang='lat'>3.</span> <span class='ocrx_word' id='word_1_191' title='bbox 231 3264 407 3348; x_wconf 82' lang='lat' dir='ltr'>pecuniam]</span> <span class='ocrx_word' id='word_1_192' title='bbox 451 3262 558 3325; x_wconf 89' lang='lat' dir='ltr'>hocin</span> <span class='ocrx_word' id='word_1_193' title='bbox 574 3286 626 3326; x_wconf 87' lang='lat' dir='ltr'>co·</span> <span class='ocrx_word' id='word_1_194' title='bbox 682 3270 724 3326; x_wconf 86' lang='lat' dir='ltr'>ita</span> <span class='ocrx_word' id='word_1_195' title='bbox 742 3266 930 3330; x_wconf 87' lang='lat' dir='ltr'>decrevisset.</span> <span class='ocrx_word' id='word_1_196' title='bbox 976 3272 1067 3355; x_wconf 77' lang='lat' dir='ltr'>Quoc‘</span> 
     </span>
     <span class='ocr_line' id='line_1_29' title="bbox 136 3349 1067 3436; baseline 0.009 -25"><span class='ocrx_word' id='word_1_197' title='bbox 136 3349 256 3411; x_wconf 81' lang='lat' dir='ltr'>dicibue</span> <span class='ocrx_word' id='word_1_198' title='bbox 286 3349 344 3410; x_wconf 85' lang='lat' dir='ltr'>suia</span> <span class='ocrx_word' id='word_1_199' title='bbox 372 3350 563 3431; x_wconf 74' lang='lat' dir='ltr'>Nialaspiua,</span> <span class='ocrx_word' id='word_1_200' title='bbox 593 3356 626 3411; x_wconf 91' lang='lat' dir='ltr'>in</span> <span class='ocrx_word' id='word_1_201' title='bbox 681 3367 808 3432; x_wconf 70' lang='lat' dir='ltr'>pterea,</span> <span class='ocrx_word' id='word_1_202' title='bbox 834 3371 868 3414; x_wconf 89' lang='lat' dir='ltr'>ut</span> <span class='ocrx_word' id='word_1_203' title='bbox 884 3360 1020 3436; x_wconf 86' lang='lat' dir='ltr'>opinor,</span> <span class='ocrx_word' id='word_1_204' title='bbox 1043 3382 1067 3419; x_wconf 90' lang='lat' dir='ltr'>rr</span> 
     </span>
     <span class='ocr_line' id='line_1_30' title="bbox 136 3435 1066 3525; baseline 0.006 -28"><span class='ocrx_word' id='word_1_205' title='bbox 136 3436 350 3516; x_wconf 78' lang='lat' dir='ltr'>compluribus</span> <span class='ocrx_word' id='word_1_206' title='bbox 383 3439 475 3495; x_wconf 87' lang='lat' dir='ltr'>etiam</span> <span class='ocrx_word' id='word_1_207' title='bbox 502 3435 625 3495; x_wconf 76' lang='lat' dir='ltr'>Lumbi·</span> <span class='ocrx_word' id='word_1_208' title='bbox 683 3443 803 3517; x_wconf 77' lang='lat' dir='ltr'>equites</span> <span class='ocrx_word' id='word_1_209' title='bbox 826 3440 961 3514; x_wconf 72' lang='lat' dir='ltr'>seirent,</span> <span class='ocrx_word' id='word_1_210' title='bbox 1001 3450 1066 3525; x_wconf 75' lang='lat' dir='ltr'>quia</span> 
     </span>
     <span class='ocr_line' id='line_1_31' title="bbox 133 3521 1066 3603; baseline 0.008 -21"><span class='ocrx_word' id='word_1_211' title='bbox 133 3540 213 3592; x_wconf 81' lang='lat' dir='ltr'>uus,</span> <span class='ocrx_word' id='word_1_212' title='bbox 236 3536 268 3581; x_wconf 87' lang='lat' dir='ltr'>et</span> <span class='ocrx_word' id='word_1_213' title='bbox 282 3521 434 3580; x_wconf 71' lang='lat' dir='ltr'>Gruterus</span> <span class='ocrx_word' id='word_1_214' title='bbox 454 3541 520 3581; x_wconf 88' lang='lat' dir='ltr'>non</span> <span class='ocrx_word' id='word_1_215' title='bbox 542 3527 626 3580; x_wconf 89' lang='lat' dir='ltr'>inve·</span> <span class='ocrx_word' id='word_1_216' title='bbox 682 3522 723 3580; x_wconf 86' lang='lat' dir='ltr'>de</span> <span class='ocrx_word' id='word_1_217' title='bbox 758 3530 855 3603; x_wconf 81' lang='lat' dir='ltr'>ceptis</span> <span class='ocrx_word' id='word_1_218' title='bbox 889 3525 931 3583; x_wconf 82' lang='lat' dir='ltr'>ob</span> <span class='ocrx_word' id='word_1_219' title='bbox 971 3531 1066 3590; x_wconf 77' lang='lat' dir='ltr'>iudica</span> 
     </span>
     <span class='ocr_line' id='line_1_32' title="bbox 132 3603 1065 3690; baseline 0.008 -23"><span class='ocrx_word' id='word_1_220' title='bbox 132 3625 226 3680; x_wconf 83' lang='lat' dir='ltr'>nere;</span> <span class='ocrx_word' id='word_1_221' title='bbox 260 3620 293 3666; x_wconf 83' lang='lat' dir='ltr'>et</span> <span class='ocrx_word' id='word_1_222' title='bbox 314 3621 400 3666; x_wconf 84' lang='lat' dir='ltr'>recto</span> <span class='ocrx_word' id='word_1_223' title='bbox 422 3603 524 3666; x_wconf 82' lang='lat' dir='ltr'>abesse</span> <span class='ocrx_word' id='word_1_224' title='bbox 543 3607 625 3665; x_wconf 87' lang='lat' dir='ltr'>iudi·</span> <span class='ocrx_word' id='word_1_225' title='bbox 680 3614 820 3687; x_wconf 77' lang='lat' dir='ltr'>pecuniis</span> <span class='ocrx_word' id='word_1_226' title='bbox 844 3607 987 3690; x_wconf 87' lang='lat' dir='ltr'>equester</span> <span class='ocrx_word' id='word_1_227' title='bbox 1007 3620 1065 3674; x_wconf 85' lang='lat' dir='ltr'>ord</span> 
     </span>
     <span class='ocr_line' id='line_1_33' title="bbox 132 3689 1066 3761; baseline 0.006 -7"><span class='ocrx_word' id='word_1_228' title='bbox 132 3705 290 3754; x_wconf 82' lang='lat' dir='ltr'>caverunt.</span> <span class='ocrx_word' id='word_1_229' title='bbox 339 3689 493 3751; x_wconf 82' lang='lat' dir='ltr'>Ernestius</span> <span class='ocrx_word' id='word_1_230' title='bbox 519 3707 625 3752; x_wconf 79' lang='lat' dir='ltr'>temen</span> <span class='ocrx_word' id='word_1_231' title='bbox 681 3708 849 3754; x_wconf 86' lang='lat' dir='ltr'>teneretur.</span> <span class='ocrx_word' id='word_1_232' title='bbox 897 3698 969 3756; x_wconf 82' lang='lat' dir='ltr'>vid.</span> <span class='ocrx_word' id='word_1_233' title='bbox 1003 3718 1066 3761; x_wconf 77' lang='lat' dir='ltr'>oret</span> 
     </span>
     <span class='ocr_line' id='line_1_34' title="bbox 132 3775 1066 3856; baseline 0.005 -18"><span class='ocrx_word' id='word_1_234' title='bbox 132 3775 284 3847; x_wconf 77' lang='lat' dir='ltr'>defendit,</span> <span class='ocrx_word' id='word_1_235' title='bbox 308 3795 403 3856; x_wconf 92' lang='lat' dir='ltr'>quum</span> <span class='ocrx_word' id='word_1_236' title='bbox 413 3777 477 3837; x_wconf 81' lang='lat' dir='ltr'>eliis</span> <span class='ocrx_word' id='word_1_237' title='bbox 491 3777 567 3836; x_wconf 79' lang='lat' dir='ltr'>locis</span> <span class='ocrx_word' id='word_1_238' title='bbox 583 3797 623 3837; x_wconf 89' lang='lat' dir='ltr'>eo</span> <span class='ocrx_word' id='word_1_239' title='bbox 683 3776 829 3838; x_wconf 86' lang='lat' dir='ltr'>Cluentio</span> <span class='ocrx_word' id='word_1_240' title='bbox 849 3801 873 3838; x_wconf 93' lang='lat' dir='ltr'>c.</span> <span class='ocrx_word' id='word_1_241' title='bbox 892 3793 943 3852; x_wconf 82' lang='lat'>55.</span> <span class='ocrx_word' id='word_1_242' title='bbox 987 3780 1066 3843; x_wconf 79' lang='lat' dir='ltr'>Man</span> 
     </span>
     <span class='ocr_line' id='line_1_35' title="bbox 131 3859 1066 3948; baseline 0.001 -26"><span class='ocrx_word' id='word_1_243' title='bbox 131 3864 197 3924; x_wconf 87' lang='lat' dir='ltr'>Cic.</span> <span class='ocrx_word' id='word_1_244' title='bbox 219 3865 250 3920; x_wconf 90' lang='lat' dir='ltr'>iu</span> <span class='ocrx_word' id='word_1_245' title='bbox 268 3859 326 3920; x_wconf 84' lang='lat' dir='ltr'>hac</span> <span class='ocrx_word' id='word_1_246' title='bbox 340 3861 473 3922; x_wconf 80' lang='lat' dir='ltr'>formula</span> <span class='ocrx_word' id='word_1_247' title='bbox 489 3877 603 3921; x_wconf 86' lang='lat' dir='ltr'>ututur.</span> <span class='ocrx_word' id='word_1_248' title='bbox 722 3867 801 3921; x_wconf 83' lang='lat' dir='ltr'>aliae</span> <span class='ocrx_word' id='word_1_249' title='bbox 822 3864 969 3948; x_wconf 77' lang='lat' dir='ltr'>deliciae]</span> <span class='ocrx_word' id='word_1_250' title='bbox 1012 3869 1066 3932; x_wconf 73' lang='lat' dir='ltr'>h..</span> 
     </span>
    </p>

    <p class='ocr_par' dir='ltr' id='par_1_5' title="bbox 132 3943 1066 4115">
     <span class='ocr_line' id='line_1_36' title="bbox 175 3943 1066 4030; baseline 0.007 -25"><span class='ocrx_word' id='word_1_251' title='bbox 175 3949 209 4005; x_wconf 76' lang='lat' dir='ltr'>id</span> <span class='ocrx_word' id='word_1_252' title='bbox 224 3947 385 4023; x_wconf 79' lang='lat' dir='ltr'>equestrem</span> <span class='ocrx_word' id='word_1_253' title='bbox 408 3950 542 4006; x_wconf 81' lang='lat' dir='ltr'>ordinem</span> <span class='ocrx_word' id='word_1_254' title='bbox 553 3944 621 4015; x_wconf 81' lang='lat' dir='ltr'>fer·</span> <span class='ocrx_word' id='word_1_255' title='bbox 679 3943 810 4007; x_wconf 89' lang='lat' dir='ltr'>solentia</span> <span class='ocrx_word' id='word_1_256' title='bbox 827 3954 981 4030; x_wconf 82' lang='lat' dir='ltr'>quaedum</span> <span class='ocrx_word' id='word_1_257' title='bbox 1005 3973 1037 4016; x_wconf 87' lang='lat' dir='ltr'>et</span> <span class='ocrx_word' id='word_1_258' title='bbox 1059 3965 1066 4018; x_wconf 79' lang='lat' dir='ltr'>i</span> 
     </span>
     <span class='ocr_line' id='line_1_37' title="bbox 132 4029 1003 4115; baseline 0.009 -24"><span class='ocrx_word' id='word_1_259' title='bbox 132 4054 166 4091; x_wconf 86' lang='lat' dir='ltr'>re</span> <span class='ocrx_word' id='word_1_260' title='bbox 191 4029 332 4114; x_wconf 64' lang='lat' dir='ltr'>molq&#39;te]</span> <span class='ocrx_word' id='word_1_261' title='bbox 375 4033 466 4114; x_wconf 87' lang='lat' dir='ltr'>quod</span> <span class='ocrx_word' id='word_1_262' title='bbox 499 4032 621 4097; x_wconf 79' lang='lat' dir='ltr'>senatus</span> <span class='ocrx_word' id='word_1_263' title='bbox 679 4046 726 4093; x_wconf 76' lang='lat' dir='ltr'>tu·</span> <span class='ocrx_word' id='word_1_264' title='bbox 749 4037 782 4094; x_wconf 89' lang='lat' dir='ltr'>iu</span> <span class='ocrx_word' id='word_1_265' title='bbox 800 4034 1003 4115; x_wconf 79' lang='lat' dir='ltr'>pullulando.</span> 
     </span>
    </p>
   </div>
   <div class='ocr_carea' id='block_1_4' title="bbox 0 0 1258 4808">
    <p class='ocr_par' dir='ltr' id='par_1_6' title="bbox 0 0 1258 4808">
     <span class='ocr_line' id='line_1_38' title="bbox 0 0 1258 4808; baseline 0 1"><span class='ocrx_word' id='word_1_266' title='bbox 0 0 1258 4808; x_wconf 95' lang='lat' dir='ltr'> </span> 
     </span>
    </p>
   </div>
  </div>
 </body>
</html>
