2506 4808
969 302 972 314 Ι
1020 345 1087 422 269

307 333 594 405 EPISTOL'A
648 332 836 403 citmx.

58 526 243 597 Scaevolae
277 525 406 591 studiis.
451 523 586 608 Reliqui
609 524 689 588 libri
711 521 920 606 τιχιολιγίιιν
939 518 1090 594 hebent.

55 646 95 696 ut
110 630 187 695 scis.
228 628 317 692 Huic
340 625 566 694 ioculatorem
582 623 694 689 senem
713 623 827 697 illum,
848 637 886 688 ut
900 645 1021 697 noras,
1042 629 1091 688 in-

55 728 175 799 teresse
199 729 273 794 sane
297 729 400 794 nolui.

137 830 214 916 [De
231 851 269 894 re
285 829 404 904 Piliae,
428 828 519 912 quod
533 825 671 900 scribis,
692 833 757 893 erit
771 827 855 892 mihi
876 850 987 893 curae.
1031 828 1118 896 Etr3

57 938 147 1001 enim
163 931 209 998 est
225 930 397 996 luculenta
413 951 490 1002 res,
511 928 704 1003 Aureliani,
726 943 767 997 ut
784 930 917 1006 scribis,
937 931 1087 995 iudiciis:

57 1047 92 1101 et
110 1040 148 1101 in
171 1055 213 1098 eo
233 1054 288 1098 me
310 1037 412 1095 etiam
430 1027 564 1096 Tulliae
587 1051 681 1096 meae
696 1020 886 1100 uenditabo.
932 1030 1089 1096 Vestorio

442 1250 711 1272 unna—uqa..-

59 1415 188 1461 oretore
203 1397 373 1459 Scaevolae
385 1393 546 1478 personum
602 1393 679 1458 nihil
693 1416 774 1477 opue
795 1412 860 1459 eret
875 1401 978 1461 Attico
994 1404 1090 1479 patrie

60 1485 172 1545 Cicero
186 1485 357 1545 induxerat.
380 1482 457 1541 Eum
472 1501 545 1541 vero
604 1502 697 1541 curae
722 1484 951 1544 commendere.
994 1486 1091 1547 Piliae

58 1575 91 1629 in
115 1568 311 1649 sequentibus
334 1566 419 1626 libris
443 1587 460 1626 e
483 1565 547 1628 col·

59 1653 172 1734 loquio
190 1668 376 1714 removeret.

60 1785 65 1795 .
104 1735 319 1820 ioculatorem]
368 1733 443 1797 olim
471 1735 546 1794 snit:

61 1826 127 1881 sutic
135 1824 330 1899 disputationi
344 1820 546 1879 ioculatorioc.

61 1909 179 1969 Verum
192 1908 387 1984 disputationi
403 1919 486 1965 recte
495 1905 549 1962 eb·

63 2009 130 2053 eret
151 1993 191 2052 eb
217 1996 349 2072 antiquie
374 1987 458 2050 libris
478 1986 548 2047 Bes·

60 2076 202 2150 serionit,
238 2078 430 2146 turelcentis,
453 2074 547 2134 Ferri.

61 2165 128 2222 stuic
150 2169 231 2223 enim
247 2162 381 2222 resectus·
395 2159 436 2218 ed
452 2180 548 2232 τεχιο·

61 2256 170 2322 λογίαν.
212 2246 356 2326 Ideoque
384 2247 476 2304 etiem
506 2246 550 2301 io·

62 2336 240 2406 calolorem,
262 2351 328 2392 non
345 2331 549 2400 ioculatoriae,

60 2416 229 2500 legendum
249 2411 327 2487 esse,
354 2415 473 2474 dudum
500 2413 552 2472 elii

62 2504 216 2563 viderunt.
258 2498 400 2579 Suspicor
414 2514 517 2558 eutem
531 2517 551 2556 ι

62 2586 224 2647 Ciceroni«
250 2602 348 2645 manu
364 2579 483 2645 fluxisse
502 2602 549 2640 co·

64 2672 243 2731 vitiatorem.
273 2671 385 2730 Cicero
404 2662 484 2727 enirn
501 2687 552 2727 ve·

63 2755 272 2828 tertiatoque
287 2752 435 2815 Scaevola
450 2767 551 2813 toturn

64 2857 163 2902 ertem
198 2845 369 2901 oratorium
409 2837 429 2900 s.
463 2835 552 2897 istem

63 2947 158 3007 quem
175 2924 248 2985 dicit
262 2933 443 2999 ιιχιολογιαι
461 2924 553 2982 cuvil-

63 3010 189 3083 lereturp
232 3008 402 3070 Scaevolae
418 3012 500 3066 euim
520 3013 557 3068 in,

64 3094 183 3157 summe
195 3091 355 3154 severitate
366 3113 430 3153 non
445 3095 553 3152 deerat

66 3197 170 3240 temen
220 3183 349 3239 comites
390 3178 474 3237 Brut.
501 3187 553 3254 4⁰·

64 3267 205 3344 ideoque
227 3270 329 3342 aptius
349 3261 399 3322 hic
423 3261 466 3322 esl
487 3280 553 3322 ver·

67 3351 141 3410 bum
159 3350 342 3406 cavillatorie
362 3367 455 3428 quem
478 3348 554 3404 iocu-

62 3436 172 3494 latoris
179 3455 193 3503 ;
216 3431 469 3514 quodhomineru
479 3427 556 3494 deli·
571 3493 575 3498 ,

67 3541 163 3603 gnere
175 3520 296 3578 videtur
309 3516 508 3577 vehementer
523 3521 556 3576 in

68 3603 204 3663 dicendo
228 3605 362 3663 facetum
391 3616 422 3660 et
444 3601 556 3660 ridicu·

67 3687 151 3760 surm
175 3687 208 3746 id
225 3689 312 3767 quod
326 3684 496 3748 Scaevolae
512 3683 557 3744 se·

66 3774 190 3831 ueritati
211 3776 310 3832 minut
332 3774 502 3832 conuenire
514 3774 557 3828 vi·

70 3857 171 3916 detor.

112 3956 142 4014 3.
169 3940 207 3997 de
230 3958 263 3995 re
287 3933 405 4022 Piliae]
438 3939 485 4002 Ite
508 3959 559 4001 re-

66 4021 170 4106 scripsi
185 4045 243 4103 pro
258 4026 296 4081 de
309 4021 446 4094 refiiioe.
475 4028 557 4086 Nem

66 4112 232 4173 ficerunt
250 4106 333 4170 filiu
350 4110 474 4174 leiee
488 4130 558 4173 m

602 1571 708 1646 potiut
723 1572 827 1627 uxoris
844 1566 915 1627 suae
929 1589 995 1630 reru
1012 1574 1091 1631 Atti·

603 1671 655 1710 cus
680 1653 960 1714 commendaverat.
1002 1653 1091 1716 Acst

603 1740 672 1816 quie
688 1737 728 1796 de
739 1737 831 1796 Attici
844 1737 906 1797 filiu
921 1743 1038 1821 cogitet
1054 1762 1093 1802 ea
1109 1792 1115 1800 .

604 1836 669 1880 tum
700 1822 842 1881 noudum
871 1824 992 1884 videtur
1016 1839 1091 1889 ueto

603 1901 700 1965 suisse-
744 1907 892 1966 Ceterum
914 1906 964 1973 hic
984 1913 1093 1991 incipit

604 1990 811 2070 fragmentum
840 1990 915 2052 elius
942 1991 1092 2071 epistolae

605 2090 723 2132 temere
746 2071 795 2133 hic
817 2075 920 2138 elieno
948 2077 1022 2139 loco
1047 2083 1092 2139 in·

605 2159 728 2218 trusum.
773 2159 883 2239 ltaque
911 2162 943 2220 id
974 2183 991 2224 tt
1017 2184 1092 2225 con·

605 2258 688 2304 textu
704 2242 870 2304 seiunctum
886 2248 1094 2312 uncisinclufi.

604 2329 686 2387 Nam
702 2349 796 2409 quum
815 2329 960 2410 epistole,
982 2338 1013 2394 in
1030 2353 1094 2414 que

605 2413 769 2485 versemur,
780 2413 888 2495 scripte
898 2414 933 2478 stt
943 2420 1009 2479 Kel.
1022 2421 1092 2481 Oct.
1203 2459 1205 2463 ·

607 2500 773 2579 quomodo
802 2500 913 2561 Cicero
948 2501 1094 2582 potuisset

605 2602 734 2644 uerrere
750 2587 782 2644 iu
798 2585 886 2645 ceusu
905 2586 994 2647 Drusi
1014 2590 1093 2648 iudi·

607 2689 656 2729 ces
681 2673 812 2728 reiectos
833 2667 894 2731 esse
916 2673 957 2732 ed
974 2675 1011 2730 V.
1027 2677 1094 2734 No»

606 2772 662 2815 utr
686 2753 838 2835 Quintis?
899 2757 1022 2819 Deinde
1053 2760 1094 2820 de

605 2839 745 2900 Procilio
775 2844 818 2899 eit
847 2860 988 2903 minoret
1027 2864 1094 2908 nou

608 2921 712 2984 bonor
733 2920 811 3000 esse;
832 2942 867 2984 nt
885 2947 955 2987 eum
978 2931 1095 2989 coude-

608 3024 749 3068 muetom
781 3013 820 3072 iri
852 3015 1018 3073 verendum
1042 3013 1093 3091 fin

608 3096 697 3173 etqui
728 3098 790 3152 iem
821 3114 869 3173 ep.
898 3102 963 3174 142.
993 3120 1100 3159 norre-

609 3192 696 3238 vertt
712 3198 783 3236 eum
803 3199 869 3240 ιιι.
894 3183 921 3240 N
927 3203 977 3242 οιι.
989 3178 1105 3263 Quint.v

610 3263 850 3323 condemnatum
890 3264 958 3326 esse.
1012 3270 1097 3350 Ergo

609 3345 674 3408 stoc
694 3348 899 3430 fragmentum
924 3349 965 3410 est
986 3352 1097 3433 episto
1121 3391 1123 3394 <

610 3432 679 3502 loe,
720 3448 792 3491 ente
826 3435 909 3495 illum
947 3457 997 3514 ep.
1030 3451 1097 3517 ιμ’.

610 3516 854 3600 (Arulis-15.)
883 3519 1021 3597 scriptae.

609 3646 613 3657 .
653 3596 828 3685 Aureliani]
849 3610 916 3685 quie
933 3603 983 3666 hic
1007 3607 1100 3665 suerit

611 3702 678 3747 nou
700 3685 826 3749 constet.
870 3693 950 3748 Nem
978 3686 1100 3750 deAu'ss

610 3771 691 3832 relic
707 3773 780 3841 illo,
802 3775 855 3852 qui
870 3779 1048 3836 nominetur
1059 3775 1100 3834 ed

612 3857 697 3916 Fam.
729 3857 814 3918 XVI.
850 3870 899 3935 ²4·
940 3861 1099 3921 Ciceronis

613 3944 771 4002 creditore
790 3940 925 4006 hicnon
947 3943 990 4007 est
1011 3947 1101 4027 quod

609 4033 795 4110 cogitemus.
1034 4050 1036 4058 ·
1075 4024 1090 4053 ”

651 4107 834 4195 mrem]
857 4113 1101 4177 unarum·
