2506 4808
152 333 215 408 at·
379 276 694 385 rursuoun’
726 314 972 385 cxcviii..

153 507 325 599 publicam
360 510 515 581 meritis,
560 499 912 592 praestantissimisque
949 505 1062 571 rebus
1099 506 1202 596 gestis

155 608 237 676 esset
260 604 483 679 consecutus,
517 611 682 688 cuiusque
711 628 774 693 ego
803 607 980 691 dignitatis
1024 608 1070 670 ab
1096 610 1204 675 adole·

154 710 283 775 scentia
300 708 431 781 fautor,
450 713 485 771 in
502 718 663 794 praetura
681 719 810 780 autem,
833 720 867 771 et
887 712 922 771 in
944 707 1136 774 consulatu
1152 712 1202 774 ars·

154 817 248 879 iutor
264 816 365 875 etiam
381 805 591 872 exstitissem:
614 828 784 891 quumque
804 809 896 873 idem
913 814 1150 884 auctoritate,
1169 825 1200 874 et

154 911 319 977 scrutentia
339 907 470 997 perse,
499 905 665 981 consiliio,
685 921 721 972 et
743 905 859 975 studiis
886 922 1008 974 tecum
1030 934 1091 975 me
1115 914 1200 977 adiu-

7 1032 14 1053 ¹
124 1010 265 1107 ,nissen
302 1029 483 1091 meumque
504 1013 678 1073 inimicum
698 1029 803 1074 unum
829 1014 1033 1077 incivitate
1057 1011 1200 1078 haberet

154 1118 347 1179 inimicum:
368 1131 440 1173 non
455 1114 567 1195 putavi
586 1109 708 1173 samam
731 1108 977 1175 inconstantiae
992 1110 1086 1179 mihi
1104 1120 1200 1202 perti-

152 1214 387 1285 mescendam,
423 1207 445 1272 si
471 1210 671 1291 quibusdam
696 1214 733 1274 in
764 1207 936 1276 sententiis
960 1213 1127 1300 paullum
1150 1238 1198 1279 me

153 1312 398 1385 inmutassem,
418 1330 594 1391 meamque
609 1309 818 1377 voluntatem
839 1311 882 1375 ad
904 1311 1033 1379 summi
1054 1321 1143 1391 viri,
1160 1317 1196 1379 de

155 1430 280 1499 meque
295 1416 425 1500 optime
447 1414 558 1473 meriti
573 1409 772 1498 dignitatem
787 1410 1034 1499 aggregassem.
1079 1417 1124 1480 In
1141 1415 1197 1495 hae

153 1517 320 1583 sententia
340 1509 623 1598 complectendus
645 1524 718 1577 erut
738 1509 821 1579 mihi
844 1511 986 1589 Caesar,
1017 1530 1061 1583 ut
1085 1518 1196 1593 vides,

153 1625 191 1687 in
205 1621 386 1682 coniuncta
408 1623 442 1675 et
456 1611 552 1675 causa
572 1624 607 1675 et
624 1612 799 1700 dignitate.
840 1611 908 1677 Hic
924 1615 1081 1683 multum
1101 1620 1196 1687 valuit

151 1740 258 1804 quum
279 1727 378 1782 vetus
403 1717 568 1786 amicitia,
596 1734 696 1796 quam
714 1726 752 1777 tu
772 1734 840 1778 non
862 1720 1002 1801 ignoras
1026 1718 1139 1795 mihi,
1168 1735 1196 1786 et

152 1819 200 1911 Q.
215 1819 323 1885 scotti
343 1836 423 1881 cum
436 1811 576 1881 Caesare
596 1811 711 1887 fuisse,
731 1826 805 1878 tum
824 1811 1023 1883 humanitas
1041 1826 1144 1896 eius,
1162 1845 1194 1886 ac

153 1917 359 1990 liberalitas,
375 1917 473 1981 brevi
493 1928 648 2003 tempore
665 1926 700 1978 et
721 1913 849 1990 literis,
867 1904 900 1980 et
918 1913 1051 1986 osficiis
1065 1921 1195 2011 perspe

536 2152 805 2172 m

148 2350 154 2359 ·
185 2334 225 2390 'iu
246 2339 389 2406 praetura
409 2360 443 2378 -
464 2336 494 2384 et
517 2327 547 2383 in
571 2343 638 2383 con·
692 2324 799 2385 Sextio
820 2344 847 2383 c.
861 2336 913 2399 5²·
931 2343 1037 2407 quum
1054 2325 1193 2414 defigur-

142 2413 268 2498 snlatu]
310 2415 441 2474 Praetor
475 2409 638 2470 Manilium
692 2423 743 2469 tue
760 2406 870 2469 consul
892 2407 1085 2477 sententiam
1105 2415 1167 2476 ins
1180 2450 1191 2465 .

147 2505 348 2584 rogationem
368 2494 473 2569 suasit,
494 2510 530 2555 ut
544 2495 637 2555 Porn-
692 2507 770 2555 natn
794 2491 869 2552 dixit
890 2493 932 2553 de
955 2494 1122 2560 Cicerone
1147 2522 1190 2561 re·

144 2594 223 2666 poio
247 2582 448 2643 Mithridatici
469 2579 542 2641 belli
562 2598 636 2641 cura
692 2578 848 2639 vocando.
897 2575 1027 2644 Manat.

144 2669 356 2732 mandaretur.
397 2663 500 2726 Exstat
521 2667 635 2725 oratio.
692 2720 696 2729 ,
727 2660 897 2746 sententia]
936 2685 1040 2744 quam
1061 2666 1142 2729 dixit
1160 2674 1187 2730 in

145 2751 264 2815 Consul
287 2772 385 2832 quum
411 2751 476 2811 aliia
498 2770 569 2808 eum
585 2769 636 2808 or·
692 2743 796 2807 senatu
812 2747 852 2806 de
866 2749 970 2808 reditu
988 2771 1077 2815 meo.
1104 2756 1185 2816 Orat.

145 2842 231 2900 navit
264 2835 392 2908 officiis,
434 2848 499 2894 tum
521 2837 634 2905 etium,
690 2852 751 2911 pro
770 2832 1185 2913 Mit.c.15.cumsseueu

146 2921 237 3003 quod
256 2919 362 2981 retulit
374 2921 416 2980 de
436 2917 635 3000 supplicatio·
690 2919 765 2973 tiam
779 2917 899 2992 senatus
915 2925 1015 2978 ornetis
1037 2926 1079 2980 de
1093 2926 1184 3000 salute

143 3006 235 3069 nibus
258 3003 460 3066 decernendis
480 3022 516 3062 re
532 3003 634 3080 publi·
689 3024 757 3060 mea
776 2999 983 3078 grauissimam
1008 3018 1041 3063 et
1063 3009 1181 3084 ornatis·

141 3112 181 3152 cu
196 3089 408 3151 Mithridatico
423 3088 507 3148 bello
527 3085 633 3147 selicis·
682 3087 792 3160 simum
801 3089 916 3162 secutus
930 3089 982 3162 est.
1003 3126 1044 3141 ...
1062 3089 1181 3153 Manat,

141 3173 217 3236 sime
232 3173 325 3258 gella.
367 3175 456 3235 Oret.
479 3173 520 3232 de
541 3193 631 3251 prov.
731 3174 762 3229 iu
783 3172 958 3255 coniuncta]
977 3172 1016 3233 'in
1039 3199 1094 3238 mo
1111 3201 1183 3260 pau.

142 3257 226 3320 cons.
248 3280 274 3320 c.
295 3281 340 3320 rr.
371 3258 425 3319 lib.
442 3257 494 3319 ΙΙΙ.
526 3257 566 3317 ad
591 3258 631 3334 Q.
688 3254 1182 3327 lulumossendit.Potestabessu

141 3344 192 3406 Fr.
209 3364 258 3424 ep.
272 3355 302 3424 4.
322 3341 400 3423 (hui.
415 3346 465 3405 ed.
480 3362 529 3422 ep.
549 3346 631 3420 155.)
691 3335 819 3416 Ernesti.

140 3425 264 3489 Manui.
550 3470 555 3480 .
730 3437 812 3483 vetus
826 3425 985 3510 amicitia]
1011 3431 1056 3492 de
1070 3431 1184 3516 (μιῆς

184 3508 386 3594 auctoritate]
409 3531 475 3571 non
494 3508 631 3592 potesla-
686 3512 719 3569 in
736 3527 815 3570 orat.
832 3512 872 3569 de
894 3518 1071 3589 provinciis
1093 3542 1122 3582 c.
1141 3541 1182 3598 17.

135 3608 181 3660 te.
223 3600 363 3659 Privatus
394 3600 494 3667 enim,
530 3616 628 3678 quum
687 3597 762 3653 illud
779 3608 891 3670 tempus
901 3592 1144 3666 familiaritatis
1158 3618 1184 3663 et

138 3701 243 3744 actum
262 3680 305 3743 eu
327 3682 367 3741 de
383 3681 628 3741 redituslicero·
684 3681 909 3756 consuetudinis,
933 3702 1017 3761 quae
1033 3692 1184 3751 misticum

136 3775 202 3841 nie,
227 3770 396 3845 Pompeius
412 3779 488 3824 erat.
532 3765 583 3824 Sic
596 3770 628 3826 in
685 3768 757 3837 ilio,
788 3787 865 3848 quae
875 3764 982 3834 fratri
999 3794 1072 3834 meo
1081 3821 1091 3850 ‚
1111 3800 1185 3862 qm

136 3870 215 3912 orat.
234 3873 293 3933 pro
309 3850 434 3908 Milone
449 3870 475 3907 c.
496 3861 542 3921 15„
569 3847 625 3911 Gn.
688 3847 722 3907 C.
752 3846 897 3921 Varroni,
927 3858 1114 3929 consobrino
1137 3886 1184 3924 no.

135 3934 295 4012 Pompeius
307 3944 421 4004 auctor,
446 3943 476 3990 et
488 3937 551 3993 dux
566 3937 626 3992 mei
674 3936 761 4010 stro,
807 3940 848 3994 ab·
876 3940 1017 4001 ornrrr'um
1053 3950 1186 4025 nostrum

133 4026 256 4082 reditus.
289 4022 515 4081 Auctoritatem
531 4026 624 4079 etiarn
662 4023 876 4100 'adolescentia
908 4020 1019 4101 fuit„
1048 4048 1186 4113 pmcn.

130 4107 266 4170 Lentulo
288 4104 395 4168 tribuit
414 4109 447 4165 in
466 4119 544 4170 orat.
560 4124 621 4184 pro
676 4108 771 4175 inuti.
785 4128 834 4164 ψ..
851 4100 982 4193 Mnnut.
1071 4154 1075 4169 .

259 4196 268 4227 Ι
850 4216 855 4229 t
