2506 4808
303 324 588 396 nrtsrotn
643 327 832 396 cxnnr.
943 418 944 423 Ν
1023 335 1085 408 803

181 515 233 580 M.
272 514 469 582 emano
504 514 542 582 s.
575 516 620 579 n.
649 513 962 583 raannrto.
1002 497 1031 608 j

10 740 12 749 ¹
139 668 208 732 Iam
233 668 291 735 diu
313 675 454 756 ignoro,
476 668 558 752 quid
578 680 691 756 agan·
736 666 830 733 Nihil
844 674 934 734 enim
952 667 1087 754 ¹scribic3

10 827 14 866 ἶ
55 792 166 854 neque
199 789 262 856 ego
292 771 333 836 ad
363 785 399 836 te
427 768 481 834 his
513 768 647 833 duobus
679 765 847 851 mensibus
880 769 1085 859 scripseram.

10 930 14 953 ,
55 870 145 960 Quia
167 894 244 935 cnm
262 873 409 962 Quinto,
432 871 539 934 fratre
562 892 655 944 meo,
679 890 752 933 non
768 891 861 945 eras,
887 893 952 956 quo
976 877 1087 937 mitte·

55 994 148 1045 rem,
184 986 240 1037 aut
260 980 314 1038 cui
340 973 476 1045 darem,
512 970 708 1036 nesciebam.
767 972 878 1060 Cupio
900 970 982 1036 scire
1005 969 1088 1055 quid

10 1058 13 1071 ’
55 1096 149 1162 agas,
172 1072 572 1138 erubifishiematurus·
614 1073 781 1158 Equidem
796 1073 896 1140 velim
912 1096 990 1137 cum
1004 1073 1087 1139 Cae·

55 1173 144 1257 sare3
168 1175 223 1238 sed
246 1176 288 1240 ad
308 1198 383 1240 eum
397 1179 541 1262 propter
558 1179 628 1238 eius
645 1179 886 1260 occupationes
910 1168 994 1239 nihil
1015 1172 1086 1238 sum

55 1275 152 1342 ausus
176 1275 332 1341 scribere.
376 1271 434 1339 Ad
447 1273 589 1358 Balbum
612 1287 727 1339 tamen
740 1275 861 1364 scripsi.
885 1274 959 1341 ·Tu
976 1273 1086 1340 deesse

54 1380 117 1442 tibi
140 1377 222 1440 noli.
267 1375 386 1442 Serius
403 1381 517 1460 potins
538 1375 579 1438 ad
599 1397 680 1450 noa,
702 1376 784 1442 dum
802 1376 944 1465 plenior.
983 1374 1087 1467 Quod

54 1475 123 1543 huc
146 1498 327 1564 properes,
352 1472 436 1543 nihil
458 1473 522 1549 est,
553 1474 749 1562 praesertim
767 1478 918 1555 Vacerra
939 1491 1085 1543 mortuo.

56 1577 129 1645 Sed
146 1582 209 1645 tibi
225 1576 398 1642 consilium
412 1598 481 1641 non
498 1575 598 1641 deest.
642 1576 737 1671 Quid
752 1579 966 1646 constitueris
986 1582 1085 1670 cupio

55 1678 151 1744 scire.
261 1688 262 1693 ’

55 1829 61 1843 ,
137 1778 386 1852 Cn.0ctaviu3‚
407 1801 448 1842 an
462 1777 526 1851 On.
544 1779 739 1854 Cornelius,
763 1782 897 1864 quidam
913 1779 981 1856 est,
1001 1765 1114 1850 tduse
1162 1832 1166 1855 ,
1191 1824 1192 1828 =

54 1879 246 1951 familiaris,
271 1876 401 1942 summo
423 1901 549 1965 genere
567 1892 683 1954 natus,
706 1893 815 1946 terrae
838 1880 938 1956 filius.
978 1881 1011 1947 Is
1031 1904 1087 1948 me

57 1987 134 2066 quia
154 1981 232 2053 scit,
251 1993 346 2044 tuum
362 1979 563 2044 familiarem
579 1980 660 2054 esse,
685 1984 809 2046 crebro
825 1983 866 2046 ad
881 2003 1022 2061 coenam
1038 1986 1088 2060 in·

11 2093 14 2096 ’
55 2089 148 2150 vitat.
192 2077 319 2148 Adhuc
340 2102 411 2146 non
433 2087 546 2174 potuit
567 2081 773 2170 perducere3
798 2081 853 2151 sed
875 2081 957 2155 mihi
971 2095 1085 2155 tamen

56 2196 188 2273 gratum
218 2181 278 2248 cst.
322 2181 418 2248 Vale.

436 2456 705 2473 m

98 2656 191 2738 Epist.
216 2656 354 2719 CXLIII.
381 2681 426 2728 ,1.
460 2679 540 2717 occu·
645 2653 795 2740 Vacerra]
830 2658 881 2720 Sic
905 2657 979 2718 olim
1001 2658 1086 2744 lege·

55 2742 212 2826 potiones]
234 2744 268 2804 In
285 2740 353 2803 Mis:
376 2742 442 2802 sere
458 2741 542 2804 deest
598 2740 699 2803 batur.
744 2741 853 2803 Postea
890 2741 999 2806 eutii.
1031 2747 1088 2806 ali'·

56 2829 186 2888 verbum
210 2831 429 2902 occupationes,
457 2844 491 2888 ut
511 2843 543 2888 et
600 2844 680 2907 quot
708 2843 868 2906 receptum
894 2826 937 2891 est
963 2824 1087 2890 Battara

54 2916 88 2973 in
108 2934 191 2973 mcc.
234 2913 296 2973 Sed
319 2911 362 2974 est
383 2917 415 2972 in
434 2914 495 2972 Gn.
518 2911 542 2974 ιζ
599 2917 742 2996 ignotum
772 2934 899 2973 nomen.
956 2911 1086 2976 Vacerra
1124 2923 1128 2930 '

56 3003 131 3059 etin
147 3020 174 3057 2.
190 3002 269 3056 inter
283 2997 383 3058 versus
403 2999 542 3058 additum
599 2999 721 3057 videtur
765 2997 847 3058 idem
888 2999 1088 3061 Iurisconsul-

56 3102 190 3142 ttmenu
211 3081 267 3142 sec.
293 3098 323 3142 ct
347 3087 378 3142 in
402 3083 472 3145 edd.
495 3104 542 3160 pr.
600 3097 648 3143 tus
672 3071 776 3153 inisse,
811 3103 876 3164 quo
900 3102 1087 3165 praecepto·

56 3183 148 3227 extet.
169 3165 544 3252 Itaquerestitueraontis·
599 3187 634 3226 re
673 3165 742 3225 usut
785 3168 887 3229 suerat
921 3169 1086 3231 Trebatiun

51 3251 544 3312 sumerccentioribusnondu·
601 3265 743 3330 cp.159.
777 3298 780 3305 ,
999 3273 1000 3277 ’

55 3336 156 3398 bitari.
199 3338 238 3394 Et
254 3341 299 3394 vix
314 3337 444 3419 intelligi
459 3336 544 3395 alind
643 3356 672 3394 2.
699 3333 752 3396 Cn.
773 3332 934 3423 Octavius]
956 3335 1018 3398 hoc
1035 3358 1089 3399 ve·

56 3422 133 3504 quid
147 3419 257 3500 potest.
271 3416 544 3498 ErnestiFuerunt
599 3441 667 3480 rum
699 3418 831 3481 hominis
853 3441 970 3483 nomen
1000 3421 1088 3483 suill'e
1188 3456 1200 3483 x

57 3510 111 3588 qui
127 3506 382 3575 luctarnmnllent,
393 3505 453 3566 scil.
465 3508 543 3564 Cac-
599 3504 780 3588 intelligitur
795 3526 831 3564 ex
845 3526 894 3584 ep.
909 3518 976 3584 147.
989 3508 1089 3586 Quod

55 3593 138 3661 saris,
161 3590 202 3651 ob
218 3606 352 3650 mortem
368 3590 459 3650 filine.
483 3594 544 3650 Vc·
600 3591 703 3650 addit:
746 3611 785 3646 aa
824 3585 877 3646 Ca.
914 3585 1086 3662 Cornelius,

56 3697 126 3736 rum
145 3674 203 3735 hoe
219 3674 322 3737 mense
341 3697 379 3735 ee
399 3677 543 3737 nondum
601 3689 798 3754 contemptus
814 3672 1089 3755 causafecit,quest
1185 3682 1187 3689 '

57 3762 180 3822 videtur
209 3757 372 3822 decesfiffe.
600 3780 641 3822 ne
662 3779 780 3820 nomen
805 3760 931 3844 quidem
955 3758 1089 3822 hominis

100 3849 141 3901 ad
163 3841 307 3927 Balbum]
340 3862 375 3904 ut
394 3865 452 3925 per
471 3863 544 3903 eum
601 3847 786 3907 meminerit.

58 3929 180 3991 Caesari
214 3930 397 3990 Trebatium
433 3935 546 3989 iterum

57 4014 303 4077 commendaret.
