2506 4808
320 314 607 388 EPISTOLA
655 312 851 385 Lovm.
1036 328 1099 394 διε

72 514 248 574 maturitas
272 505 466 590 nequedum
486 510 597 578 venit,
631 515 803 569 ettamen
834 505 901 569 ium
924 503 1100 592 appropin-

71 626 162 697 quat.

152 715 288 805 ⁸Etiam
318 708 401 778 illud
428 724 464 776 te
487 707 672 781 admoneo,
712 725 756 772 ne
781 703 862 790 quid
884 701 962 769 ullis
987 700 1128 768 lirense

75 800 286 887 committes,
328 813 419 896 quod
443 809 465 875 si
489 810 658 899 prolatum
684 805 738 882 fit,
775 803 914 872 moleste
938 803 1101 873 seramus.

75 917 184 997 Multa
205 915 296 990 sunt,
319 935 403 998 quae
424 933 488 1001 ego
504 910 632 977 nescire
654 905 760 984 malm
780 927 880 992 quam
897 927 976 971 oum
990 898 1101 989 aliquo

76 1015 322 1104 periculosiori
344 1020 482 1080 certior.
527 1012 625 1079 Plura
647 1012 689 1077 ad
713 1024 747 1077 te
767 1030 872 1077 vacuo
893 1013 1005 1074 animo
1026 1002 1103 1073 scri·

77 1120 172 1191 ham,
194 1139 295 1200 quum
320 1119 379 1199 (ut
396 1115 514 1204 spero)
537 1113 568 1178 se
588 1115 711 1181 Cicero
728 1133 824 1180 meus
841 1107 931 1176 belle
951 1103 1100 1172 liubebit.

77 1219 136 1283 Tu
151 1217 251 1284 velim
273 1239 392 1304 curm,
414 1229 451 1283 ut
474 1216 590 1291 sciam,
613 1219 734 1301 quibus
755 1235 820 1282 nos
842 1213 925 1279 dare
946 1222 1103 1298 oporteat

78 1342 153 1394 eas,
178 1320 325 1403 quemad
348 1331 384 1384 te
408 1319 531 1384 deinde
551 1317 667 1383 literas
690 1322 881 1383 mittemus:
903 1309 1102 1381 Caesarisne

77 1423 279 1495 tabellariiS,
315 1425 402 1484 ntis
426 1419 467 1483 ad
489 1432 522 1485 te
548 1426 704 1507 protinus
728 1422 857 1491 mittat,
890 1435 932 1481 on
952 1411 1101 1479 Labieni.

77 1525 147 1590 Ubi
172 1529 260 1589 enim
283 1520 335 1590 isti
355 1519 416 1584 sint
440 1519 576 1596 Nervii,
598 1535 633 1586 et
655 1541 755 1606 quam
774 1515 875 1607 longe
903 1512 1027 1591 obsint,
1047 1533 1103 1580 ne·

75 1626 152 1692 seio.

171 1727 225 1791 De
246 1733 390 1802 virtute,
413 1740 446 1794 et
468 1733 631 1817 gravitate
647 1702 817 1821 Qselris,
842 1743 941 1808 quum
963 1727 998 1789 in
1018 1718 1132 1788 sum-3
1197 1765 1202 1781 t

78 1849 135 1890 mo
158 1827 275 1892 dolore
298 1826 513 1904 adhibuisset,
538 1830 693 1916 magnam
706 1824 752 1892 ’ἐκ
765 1823 903 1915 epistola
916 1839 972 1891 tuo
988 1826 1103 1912 occepi

80 1926 296 2015 uoluptatem.
343 1928 444 2020 Quod
465 1949 519 1994 me
540 1927 728 1995 institutum
746 1926 788 1993 ad
807 1927 901 1994 illum
918 1932 1038 2017 poiiuto
1056 1929 1104 1990 iu-

79 2031 137 2092 bes
159 2027 341 2119 perfigere3
355 2104 359 2111 ¹
371 2027 427 2096 etsi
444 2031 614 2097 distentus
631 2052 735 2114 quum
751 2052 872 2120 opera,
900 2043 973 2095 tum
991 2031 1103 2093 animo
1171 2065 1174 2072 ·

80 2129 149 2195 sum
171 2129 277 2195 musto
300 2138 426 2221 magne,
450 2137 607 2216 quoniam
628 2144 742 2197 tamen
763 2155 808 2198 ex
831 2128 984 2220 epistola,
1004 2149 1104 2214 quum

80 2230 121 2293 od
143 2231 360 2306 remiseram,
379 2231 690 2322 cognovit-Caesar,
715 2256 770 2300 me
784 2233 910 2319 aliquid
929 2230 993 2299 esse
1007 2251 1105 2297 exor·
1222 2265 1229 2291 ι

80 2333 172 2408 sum,
192 2347 345 2399 revertar
367 2335 408 2399 ud
431 2337 636 2420 institutum3
658 2335 761 2419 idque
783 2333 953 2423 perficiam
968 2330 1022 2398 bis
1038 2330 1108 2422 sup·

79 2432 299 2522 plicatiouum
324 2432 438 2502 otiosis
464 2436 600 2502 diebus:
632 2439 752 2521 quibus
775 2435 943 2502 Messalam
963 2441 1029 2501 iam
1050 2455 1109 2501 no·

79 2535 203 2612 strum,
223 2536 441 2623 reliquosque
462 2536 611 2603 molestia
626 2535 773 2612 levatos,
795 2536 1015 2604 vehomenter
1033 2555 1110 2626 guu-

81 2639 162 2703 deo:
206 2660 350 2722 eumque
379 2640 468 2724 quod
497 2652 632 2704 certum
656 2636 827 2704 consulem
854 2663 931 2706 oum
954 2637 1109 2705 Domitio

81 2738 289 2814 numeratis,
322 2739 408 2807 nihil
436 2763 455 2806 a
483 2740 594 2806 nostra
626 2743 785 2829 opinione
811 2738 1000 2807 dissentitis.
1037 2739 1110 2829 Ego

461 2944 726 2960 m

125 3102 154 3143 2.
181 3077 312 3164 Neruii]
344 3081 397 3142 ubi
419 3102 501 3143 nuuc
523 3082 568 3143 hi·
624 3082 881 3165 supplicationum
928 3079 1001 3166 lege
1044 3101 1112 3147 non

81 3166 426 3250 bernescumlegione.
457 3169 568 3230 Coelae
625 3170 783 3251 agebatur.
828 3167 874 3228 stu
903 3170 1002 3229 otium
1034 3168 1113 3232 tutu

81 3270 194 3314 comm.
209 3254 250 3313 de
265 3250 351 3312 bello
366 3253 447 3314 Gall.
464 3253 517 3318 lib.
528 3257 567 3316 V.
623 3251 737 3314 forensi
751 3252 863 3318 labore.
881 3251 1018 3312 loturum
1035 3267 1113 3317 ent.

81 3353 173 3416 cau.
218 3335 339 3396 Manui.
615 3338 674 3398 -Ne
713 3359 782 3400 com
822 3337 946 3417 populo
983 3339 1112 3418 quidem
1195 3340 1199 3349 '

122 3438 152 3498 5.
178 3426 207 3481 in
221 3425 338 3499 summo
362 3422 487 3509 dolore]
524 3423 566 3486 ob
624 3439 695 3484 tum·
712 3419 846 3505 potuisse
867 3425 916 3505 egi
937 3423 1052 3484 indicet
1077 3422 1114 3484 il-

80 3509 203 3591 legetos
225 3528 295 3569 cum
319 3508 445 3592 legione
466 3527 497 3570 et
515 3533 568 3571 co·
624 3507 681 3568 sod
711 3513 757 3570 in‘
777 3504 906 3589 epistole
936 3503 990 3567 lib.
1014 3506 1053 3569 ll.
1082 3508 1115 3571 6.

82 3591 224 3653 hortibus
239 3592 350 3656 caesos.
369 3595 443 3656 ibid.
461 3596 513 3658 sib.
530 3598 568 3658 V.
626 3594 713 3670 (hut
742 3594 799 3655 ed.
832 3591 919 3670 too.)
975 3587 1115 3652 botulus

81 3697 110 3738 c.
125 3687 197 3754 57.'-
220 3674 340 3739 Manui.
627 3681 691 3736 dies
702 3680 864 3738 coinitiales
877 3679 989 3735 exeruit
1004 3695 1115 3741 oruueo.

117 3762 389 3848 supplicationum]
406 3768 571 3848 quusCee·
631 3758 713 3822 Num
738 3770 829 3824 etiam
853 3759 977 3827 saliuae
1008 3762 1114 3838 lustau.

68 3843 138 3907 -suri
158 3845 282 3908 sortasse
303 3849 345 3908 ob
359 3851 572 3935 Ambiorigem
611 3861 745 3908 ·ruutu›·.
790 3845 856 3908 Nec
871 3859 969 3908 lumen
989 3848 1114 3911 darunt

82 3928 285 4013 profligatum
313 3927 433 3997 senetur
466 3935 572 3999 decre·
621 3936 862 4013 supplicationes.
883 3969 923 3983 -·—
947 3927 1070 3994 Mouet.

84 4029 178 4078 verat.
224 4013 344 4076 Mouur.
671 4024 773 4102 quibus
796 4016 955 4098 Messalam
981 4017 1115 4096 nostrum
1228 4099 1231 4107 Ι

127 4097 250 4184 otiosis]
288 4098 446 4183 per-dies
487 4106 571 4165 enim
610 4108 959 4192 .rellquorquemolesuie
977 4101 1115 4190 leuues]
