2506 4808
142 339 181 399 ‚3
430 311 717 409 rrrsrorn
757 312 876 385 vm.

35 530 38 534 ’
144 519 236 583 rent,
260 519 294 571 et
313 510 348 571 in
370 513 523 567 montem
537 499 710 569 Albanum
727 500 853 571 hostias
870 527 943 573 non
959 501 1093 574 adduce:

143 611 225 675 Eius
253 613 303 672 rei
328 603 594 671 consolationem
620 605 661 670 ad
683 616 717 671 te
736 603 777 671 L.
803 603 978 674 Saufeium
1003 607 1093 674 miss,

146 709 210 777 esse
238 712 394 774 arbitror.

116 844 134 886 2
156 846 158 853 ι
230 810 305 877 Nos
327 811 381 877 hic
397 825 430 877 te
444 811 487 877 ad
500 808 648 875 mensem
663 807 854 875 Ianuarium
870 808 1093 898 exspectamur

146 912 293 997 quodam
324 935 479 986 rumore,
522 933 565 975 an
588 934 631 974 ex
653 909 761 976 litoris
787 917 854 977 tuis
879 911 920 976 ad
942 910 1025 979 alios
1050 918 1093 978 mi

97 1006 100 1010 ⁴
144 1013 232 1080 Nam
247 1015 288 1079 acl
304 1036 358 1077 me
373 1015 415 1078 cle
431 1036 471 1078 eo
487 1009 572 1077 nihil
589 1009 747 1098 scripsisti.

115 1133 134 1198 3
231 1113 355 1203 Signa,
380 1136 463 1197 quae
477 1116 578 1177 nobis
597 1110 732 1186 curasti,
755 1134 793 1177 ea
809 1112 941 1179 suntad
958 1115 1093 1181 Caietan

144 1215 260 1304 posita.
312 1215 387 1283 uos
411 1238 449 1279 ea
470 1236 542 1279 non
563 1213 721 1280 vidimus.
749 1230 751 1235 ’
772 1213 889 1298 Neque
915 1221 1007 1281 cuim
1033 1238 1093 1282 exe

146 1315 258 1384 Roma
278 1315 425 1403 potestas
452 1317 553 1381 nobis
577 1315 650 1379 suit.
701 1311 853 1380 Misimus
878 1320 934 1399 qui
955 1339 1020 1404 pro
1043 1340 1093 1383 ver

145 1417 298 1486 solveret.
344 1414 400 1482 Te
420 1418 564 1483 multum
589 1436 758 1489 amamus,
791 1417 882 1501 quod
904 1438 943 1483 ea
967 1419 1026 1482 abs
1052 1431 1087 1483 to

145 1531 285 1610 genter,
312 1541 483 1607 paruoque
498 1531 613 1584 curata
635 1516 721 1581 sunt.

115 1657 138 1729 4
232 1618 334 1712 Quod
357 1622 398 1686 ad
424 1645 478 1686 me
499 1621 593 1710 saepe
616 1616 766 1707 scripsisti
786 1616 829 1682 (le
849 1617 965 1684 nostro
988 1628 1093 1690 amico

148 1723 275 1797 cando,
298 1723 383 1798 seci,
406 1736 440 1788 et
453 1736 614 1811 expertus
631 1722 702 1787 sum
715 1725 844 1800 omnia5
868 1718 924 1785 sed
941 1726 1093 1790 mirando

146 1824 289 1890 modum
305 1824 353 1889 est
371 1829 485 1889 animo
503 1822 707 1905 abalienato;
732 1824 852 1905 quibus
870 1819 912 1884 de
927 1820 1093 1910 suspicion,

148 1923 204 1989 etsi
226 1924 349 1991 audisse
372 1938 405 1991 te
430 1927 594 1999 arbitror,
623 1937 737 1989 tamen
759 1944 802 1986 ex
821 1942 893 2012 me,
919 1944 1021 2007 quum
1036 1948 1093 1993 ver

526 2091 797 2108 Μ

194 2213 358 2301 Saufeium]
406 2216 554 2298 Equitem
573 2215 637 2278 Ro-

148 2322 277 2366 mermm
290 2299 513 2384 philosophum
523 2303 637 2382 Epicu-

148 2411 238 2451 reum
247 2393 339 2450 Attici
348 2389 528 2448 familiarem
538 2388 596 2467 Ep.
606 2389 635 2448 6.

118 2529 126 2543 ,
148 2474 202 2536 lib.
218 2474 270 2536 tv.
300 2489 332 2535 et
356 2475 414 2553 Ep.
442 2494 466 2533 ι.
492 2471 544 2533 lib.
566 2472 635 2532 Vll.

148 2562 225 2621 item
249 2561 360 2639 Nepos
387 2562 420 2618 in
440 2559 535 2618 Attici
563 2559 636 2618 vite.

148 2640 271 2705 Manat.
296 2645 445 2724 Epicurus
462 2641 636 2704 affirmabat

147 2727 226 2795 nihil
242 2727 317 2790 meli
332 2751 368 2790 ex
378 2743 480 2789 morte
489 2734 635 2810 cuiquam

151 2815 311 2881 accidere,
334 2834 431 2895 quum
446 2812 548 2874 nullus
566 2809 636 2892 post

149 2915 305 2971 mortem,
338 2919 442 2978 neque
465 2898 635 2977 voluptatis

148 3005 254 3067 neque
275 2983 393 3044 doloris
416 2980 515 3042 sensus
536 3001 636 3041 rema·

149 3085 257 3143 neret,
291 3065 438 3128 exsiincto
469 3087 540 3126 cunr
568 3087 637 3126 cor·

148 3174 231 3235 pore
261 3158 387 3224 enimc,
426 3151 500 3211 ideo
527 3148 636 3212 sruslra

149 3239 249 3319 lugeri
264 3252 462 3298 mortuorum
483 3236 637 3296 conditio-

147 3338 385 3402 nemtenquem
400 3318 550 3381 miseram.
592 3321 637 3380 Ex

151 3428 188 3475 ee
218 3408 343 3486 Epicuri
364 3403 520 3474 sententie
551 3409 637 3466 cuius

149 3490 317 3561 sectatores
346 3505 434 3551 erent
454 3492 573 3551 Atticus
605 3505 636 3551 et

150 3577 292 3639 Saufeius
307 3576 447 3656 asportasse
460 3572 510 3636 hic
524 3577 635 3637 Cicero

133 3677 285 3737 ,mortem
313 3681 376 3718 rem
408 3661 563 3741 appellat,
605 3675 637 3720 et

148 3747 309 3807 Saufeium
343 3744 445 3805 scribit
477 3742 636 3806 missurum

150 3829 397 3893 consolationem
440 3832 544 3892 Attico
595 3831 635 3889 de

138 3932 254 3983 ‚morte
270 3920 365 3978 aviae.
388 3911 494 3986 Bofius.
528 3917 635 3995 Quum

107 4030 112 4069 r
129 4006 246 4073 „mons
261 3998 344 4072 esset,
360 4017 393 4060 ut
404 4005 494 4061 amici
510 4001 635 4060 ademi·

107 4121 113 4146 r
149 4107 202 4148 cos
226 4087 328 4147 literas
362 4084 586 4148 consolatorias
613 4081 635 4143 si

695 2210 817 2277 occefio
848 2215 923 2278 dete
949 2215 1040 2294 esset,
1078 2243 1093 2280 r

693 2316 779 2373 rent,
810 2303 979 2365 eitCicero
991 2347 1002 2377 ,
1026 2325 1093 2367 non

694 2386 1093 2467 quodAtticushuiusmodi

692 2470 880 2533 solationem
910 2493 928 2533 e
959 2473 990 2534 se
1016 2477 1093 2557 exsp«

693 2576 762 2617 eam
777 2560 858 2616 enim
875 2555 906 2619 se
924 2557 1093 2623 scribendas

692 2640 835 2722 linquere
851 2643 996 2718 Seuseio,
1013 2649 1093 2728 quis

692 2725 757 2807 ipse
773 2726 960 2806 Epicureus,
984 2729 1093 2812 quassu

692 2811 759 2872 noli
776 2831 795 2871 e
810 2810 1005 2895 mediversee
1016 2815 1093 2877 secta

693 2900 776 2956 mine
793 2893 969 2976 exspectare
993 2901 1089 2963 conso

692 3000 764 3042 nem
772 3024 782 3055 ,
806 2979 859 3041 sed
875 3002 892 3041 a
908 2984 1036 3046 Saufeio
1054 3003 1093 3047 tu.

693 3069 863 3147 Epicureo.
910 3063 1031 3144 Casaub.

737 3171 766 3212 2.
791 3156 831 3210 ad
848 3155 973 3230 mensem
992 3152 1093 3214 situum

693 3255 809 3317 nempe
823 3240 859 3296 A.
877 3237 914 3298 U.
932 3240 967 3300 C.
985 3244 1056 3318 687.

736 3336 766 3394 3.
786 3325 826 3378 ad
842 3317 988 3407 Caietam]
1012 3327 1090 3389 Rect

693 3401 850 3467 saubonus
871 3424 998 3487 portum
1023 3412 1063 3472 ed

694 3503 760 3549 tem
788 3491 949 3577 intelligit,
970 3529 1010 3542 ·-
1040 3497 1093 3556 ubi

694 3572 777 3658 figne
794 3593 883 3638 erant
899 3577 1054 3659 expolire,
1077 3587 1091 3660 (

693 3659 852 3741 sequentia
868 3663 972 3735 verba,
995 3664 1088 3735 mistim

693 3765 750 3820 pro
765 3756 886 3804 uectura
893 3749 1035 3823 solueret,
1046 3751 1093 3812 sati

694 3829 824 3910 cleram)
856 3851 893 3892 ec
917 3835 1031 3895 deinde
1052 3841 1085 3896 in

693 3919 830 3976 mianum
848 3919 1006 3981 Ciceronis
1023 3935 1093 3981 tran

693 4002 781 4081 qnod
815 4020 852 4062 ex
881 4003 939 4084 Ep.
972 4025 1010 4087 9,
1047 4019 1078 4082 3.

692 4099 747 4146 set·
