2506 4808
332 294 613 366 EPISTOLA
662 296 818 368 XCIX.
1045 306 1094 386 57,
1172 258 1174 265 >

56 495 108 556 ire
127 482 294 575 cuperet?
313 484 591 574 Respondebam,
604 486 797 576 Pompeius.
831 485 942 575 Quem
957 486 1006 550 ire
1025 481 1091 550 vel·

56 588 152 656 lent?
186 589 463 678 Respondebam,
485 588 649 655 Crassum.
692 593 726 654 Is
743 589 949 653 aderattum
968 585 1091 653 Miloni

57 698 173 757 animo
198 714 269 756 non
295 697 415 754 amico.
460 690 553 755 Hora
576 692 648 756 sere
670 710 732 765 rx,
765 688 851 773 quasi
874 687 965 776 signo
993 688 1092 762 dato,

59 793 217 859 Clodiani
238 791 371 857 nostros
388 791 587 879 consputare
604 802 802 878 coeperunt.
834 785 964 854 Exarsit
979 787 1091 853 dolor.
1217 783 1222 792 ’

58 895 194 982 Urgere
206 893 266 967 illi,
280 906 317 959 ut
331 894 411 959 loco
426 916 488 960 nos
504 904 691 961 moverent.
735 891 857 956 Factus
873 889 921 954 est
935 912 954 954 a
967 889 1090 956 nostris

57 1000 229 1083 impetuS,
254 996 333 1084 fuga
350 1016 544 1082 operarum.
587 996 725 1060 Eiectus
743 992 784 1054 de
800 990 916 1055 rostris
929 991 1091 1056 Clodius:

59 1117 178 1160 aenos
195 1109 417 1179 quoquotum
435 1096 605 1183 fugimus,
624 1116 669 1160 ne
685 1093 764 1177 quid
779 1098 814 1156 in
831 1096 942 1158 turba.
988 1091 1095 1158 Sena·

58 1210 116 1262 tus
141 1210 280 1263 vocatus
311 1202 348 1260 in
370 1202 516 1280 curiam3
550 1194 728 1282 Pompeius
756 1195 906 1258 domum.
973 1194 1094 1278 Neque

59 1318 124 1385 ego
137 1309 251 1361 tamen
268 1303 302 1360 in
318 1297 487 1373 senatum,
508 1319 552 1369 ue
568 1311 625 1363 aut
639 1293 799 1362 de'tantis
812 1297 915 1362 rebus
930 1309 1095 1370 tacerem,

59 1409 119 1461 aut
133 1400 169 1461 in
181 1394 342 1484 Pompeio
356 1399 574 1466 defendendo
588 1405 685 1482 (nam
700 1403 730 1462 is
748 1400 949 1483 carpebatur
965 1395 1095 1463 aBibu·

59 1498 113 1573 10,
137 1497 305 1574 Curione,
328 1500 494 1577 Favonio,
509 1499 657 1569 Servilio
672 1496 762 1581 filio)
778 1502 907 1562 animos
926 1499 1096 1567 bonorum

59 1598 286 1663 offenderem.
332 1599 403 1665 Res
426 1605 461 1664 in
482 1601 655 1688 posterum
675 1598 776 1664 dilata
797 1598 855 1664 est.
896 1598 1038 1665 Clodius
1059 1603 1096 1664 iu

60 1698 247 1787 Quirinalia
261 1700 424 1786 produxit
439 1703 540 1768 diem.

166 1797 211 1864 Α.
233 1799 267 1863 d.
290 1817 330 1865 vr
352 1801 399 1866 id.
417 1805 516 1871 Febr.
541 1805 671 1870 senatus
695 1803 736 1868 ad
754 1801 927 1890 Apollinis
953 1799 1034 1871 fuit,
1055 1801 1128 1887 ut4

60 1900 244 1991 Pompeius
267 1900 404 1971 adesset.
448 1904 539 1972 Aeta
565 1927 620 1971 res
645 1905 692 1970 est
716 1912 862 1995 graviter
885 1902 1095 1992 al'ompeio·

104 2120 263 2181 eberardo
280 2119 406 2208 rosrris]
427 2136 553 2186 macru·
654 2116 808 2205 Favonio]
851 2122 898 2186 Μ.
939 2123 1101 2199 Favonio,

61 2202 554 2371 iisiffiulii'blbzii
610 2206 1148 2374 &saturniniani

62 2393 182 2459 parav,
231 2371 308 2437 ficut
341 2377 407 2460 ipse
441 2380 553 2440 Cicero
609 2375 763 2437 libertate.
808 2375 931 2438 Occisus
956 2376 999 2438 est
1018 2383 1102 2441 iuter

63 2463 154 2546 fugit.
610 2467 750 2541 captivos
772 2482 792 2521 ι
810 2463 991 2534 triturantia,
1028 2456 1102 2542 post

108 2569 178 2604 nam
202 2550 227 2607 is
252 2546 448 2631 carpebatur]
468 2570 556 2610 nem·
610 2547 740 2606 Brutum
769 2560 801 2606 et
830 2543 963 2607 Gallium
985 2543 1103 2627 Philip-

64 2652 109 2715 pe
126 2637 187 2693 iarn
204 2651 294 2695 aurea
314 2654 407 2714 quern
424 2637 554 2695 Senatus
610 2629 697 2713 pensi
711 2636 940 2715 pugnavictos.
976 2629 1101 2691 Maru.

65 2734 257 2778 convocetur
286 2717 376 2790 esset,
415 2717 446 2777 bi
473 2737 554 2800 quor
657 2711 783 2776 Seruilio
802 2714 897 2800 filio]
918 2720 973 2798 qui
995 2715 1103 2779 consul

64 2807 223 2875 nominet,
242 2805 556 2884 coeperantPorupe·
611 2801 687 2868 suit,
718 2823 787 2862 cum
821 2804 858 2867 C.
881 2799 1030 2876 Caesare,
1069 2816 1104 2867 er

64 2891 128 2948 ium
145 2886 188 2948 ob
205 2909 252 2959 ee,
272 2889 383 2969 quibus
397 2887 466 2951 usur
481 2885 556 2950 esset
612 2884 820 2961 eddidirfilio,
830 2890 904 2969 quie
913 2887 1035 2949 vivebat
1050 2886 1105 2955 ed·

65 2969 208 3043 confilia,
231 2974 344 3053 quibua
364 2975 493 3036 Clodius
514 2973 555 3035 ad
612 2970 674 3031 huc
690 2987 782 3052 peter
802 2974 886 3044 einr,
909 2973 942 3032 P.
958 2973 1104 3035 Servilius

66 3077 139 3119 eum
156 3058 298 3120 licentiae
316 3075 347 3118 er
361 3061 475 3119 suroris
488 3080 558 3144 gra·
612 3055 772 3120 isaurum.
819 3053 941 3120 Manui.

66 3143 142 3203 dum
170 3140 371 3222 pervenisset,
410 3165 557 3224 corpere,
657 3145 697 3198 ad
711 3143 858 3218 Apollinis
867 3141 952 3215 fuit,
971 3153 1004 3200 ut
1018 3139 1105 3201 Pom·

65 3243 102 3288 ut
117 3227 208 3286 focile
222 3229 334 3290 Cicero
350 3230 558 3306 praevidetur,
614 3229 697 3304 peius
725 3226 858 3310 adisset]
897 3225 996 3308 puto,
1033 3233 1108 3309 quie

65 3311 141 3373 siin
161 3310 478 3386 senetumvenislem,
502 3332 558 3377 eor
614 3332 720 3395 prope
762 3317 917 3393 templum
953 3309 1108 3392 Apollini·
1187 3314 1190 3319 '

65 3397 165 3458 libere
186 3413 294 3457 contre
316 3395 414 3478 ipsum
439 3396 560 3461 senteu-
612 3399 806 3477 Pompeius,
845 3396 1017 3471 babitaret,
1052 3401 1108 3479 qni

66 3487 141 3543 aiem
160 3481 307 3544 dicturae.
616 3483 743 3568 longine
772 3482 831 3543 suin
857 3482 985 3543 nedibus
1011 3487 1110 3543 diseo·

112 3562 239 3650 Bibulo]
262 3569 307 3628 M.
322 3567 496 3648 Calpurnio
510 3569 561 3631 Bi—
617 3569 710 3642 dere,
734 3584 820 3629 motu
835 3566 957 3640 Clodii,
975 3587 1040 3627 non
1056 3588 1110 3628 eu·

65 3650 164 3722 bulo,
189 3651 324 3712 Caesarie
344 3657 480 3714 inimico.
570 3664 573 3669 '
615 3654 723 3713 debut.
786 3654 866 3713 Ideo
898 3656 1006 3732 paucis
1036 3666 1112 3711 ento

115 3733 269 3820 Curione]
317 3738 353 3800 C.
394 3737 560 3799 Scribonio
616 3737 752 3799 versibus
773 3741 906 3821 iegitur,
928 3757 1000 3796 eum
1027 3735 1113 3796 sene·

68 3821 226 3893 Curione,
246 3837 337 3901 patre
362 3827 427 3882 eius
450 3824 562 3884 Curio·
618 3837 653 3883 tu
678 3829 711 3884 in
733 3821 895 3884 Hostiliam
917 3827 1033 3881 curiam
1056 3836 1113 3880 vo·

66 3910 133 3978 nir,
168 3910 221 3987 qui
244 3907 323 3966 civili
345 3905 430 3968 bello
452 3906 564 3968 Caese-
614 3923 712 3981 ὀαω,
736 3906 911 3969 domilicio
938 3904 969 3965 se
987 3907 1114 3986 parieti·

66 3995 110 4052 ris
134 4007 238 4071 perte·
263 3989 381 4052 secutur
406 3997 437 4051 in
462 3986 565 4056 Αἰνίδι
620 3991 680 4054 bur
705 3991 846 4055 tenuisse.
889 3986 1011 4052 Manu.

71 4074 114 4138 est
129 4077 319 4139 interiectu«.
362 4071 484 4140 Manui.
546 4112 550 4123 ·
612 4138 615 4143 ,
