2506 4808
319 308 606 384 epistota
651 310 883 379 extum.
1055 325 1121 397 249·
1160 402 1163 411 Ι

79 497 227 563 inustum
241 497 353 562 literis
378 498 443 563 esse
460 497 537 586 paffi
560 499 645 567 lunt.
691 499 831 592 Quinte
853 499 1010 564 homines
1026 499 1117 583 quod

81 601 206 665 salvum
230 599 294 662 esse
316 599 514 675 voluerunt,
535 601 583 666 eft
605 601 689 666 mihi
710 601 949 690 gratissimum:
975 601 1029 666 sed
1052 603 1118 669 vel-

80 703 241 766 lemnon
267 701 372 767 solum
392 701 509 766 salutis
532 725 642 777 meae,
667 704 953 788 quemadmodum
975 705 1120 781 medici,

82 801 185 866 sede
189 810 252 866 iam
270 816 307 868 ut
321 805 459 892 aliptae,
480 809 621 879 virium,
644 819 679 869 et
695 806 820 872 coloris
838 811 1004 871 rationem
1021 805 1118 872 habe·

82 927 120 967 re
143 905 332 969 voluils.ent
387 905 506 980 Nunc,
536 920 574 970 ut
594 906 737 993 Apelles
761 909 907 972 Veneris
940 924 1040 997 caput
1083 923 1117 974 et

25 1012 28 1017 ’
84 1006 211 1071 summa
229 1014 378 1093 pectoris
392 1008 582 1096 politissima
597 1021 667 1071 arte
682 1010 846 1095 perfecit,
870 1012 956 1094 reliq
960 1033 1034 1074 uaru
1046 1033 1118 1098 par·

85 1121 155 1172 tem
171 1115 329 1197 corporis
351 1108 543 1174 inchoatam
567 1110 719 1193 reliquit:
746 1111 788 1176 fic
805 1113 942 1195 quidam
962 1112 1117 1178 homines

85 1213 121 1273 in
146 1217 255 1297 capite
278 1233 357 1277 meo
381 1209 486 1277 solum
510 1213 743 1296 elaboraruut3
780 1215 948 1297 reliquum
970 1237 1118 1302 corpus,

85 1313 349 1399 imperfectum,
370 1336 408 1378 ac
433 1315 519 1381 rude
539 1314 760 1396 reliquerunt.
802 1315 841 1379 In
858 1337 924 1397 quo
941 1339 1005 1403 ego
1027 1317 1119 1402 spem

85 1413 190 1478 fefelli
215 1436 285 1479 non
307 1416 413 1481 modo
441 1418 657 1506 invidorum,
697 1415 876 1481 sedetiam
902 1423 1118 1487 inimicorum

85 1537 258 1603 meorum:
299 1524 358 1600 qui
381 1519 424 1583 de
447 1542 516 1584 uno
542 1525 728 1594 acerrimo,
772 1532 806 1583 et
828 1517 1004 1584 fortissimo
1028 1525 1120 1596 viru,

86 1639 230 1701 meoque
250 1619 396 1693 iudici0,
418 1629 569 1685 omnium
587 1621 819 1708 magnitudine
848 1628 951 1687 animi
982 1635 1016 1685 et
1040 1644 1119 1686 con·
1228 1683 1231 1689 .

88 1719 205 1784 stantia
221 1720 514 1806 praestantissimo,
536 1721 580 1786 Ο
594 1716 754 1801 Metello,
783 1722 878 1787 Lucii
908 1721 992 1797 ilio,
1017 1746 1119 1805 quon·
1204 1736 1206 1741 “

90 1822 296 1912 (ΙειιηξειΗὶιιη
314 1829 507 1910 opinionem
523 1835 740 1910 acceperant:
764 1845 863 1904 quem
878 1824 953 1910 pult
972 1826 1119 1889 reditum

90 1924 247 1988 dictitant
268 1927 376 2001 fracto
399 1931 530 1996 animo,
560 1937 594 1987 et
614 1925 753 1990 demisso
784 1926 889 1991 fuisse.
935 1925 1011 2009 (Est
1036 1949 1118 1992 vero

89 2029 323 2115 probandum,
351 2033 407 2110 qui
421 2039 455 2088 et
470 2023 597 2088 sunnna
611 2026 784 2091 voluntate
803 2026 952 2100 cesserit,
975 2041 1009 2090 et
1025 2049 1119 2114 egre·

90 2137 143 2217 gia
158 2136 258 2194 animi
275 2131 447 2193 alacritate
463 2129 623 2200 abluerit,
641 2151 750 2212 neque
765 2129 840 2193 sane
857 2130 968 2194 redire
983 2133 1121 2203 curarit,

88 2258 168 2299 eum
190 2237 235 2297 ob
255 2233 291 2298 id
311 2230 416 2319 ipsum
437 2231 765 2296 f1·actu1nsuilse:in
789 2254 856 2314 quo
878 2254 980 2314 quum
997 2251 1117 2304 omnes
1151 2220 1162 2239 ⁶

89 2336 267 2408 hominen,
290 2347 363 2396 tum
380 2333 432 2396 M
453 2332 548 2397 illum
565 2330 753 2406 Scaurum
774 2331 971 2420 singularem
995 2337 1121 2404 virum,
1196 2336 1201 2344 ‘

93 2439 295 2509 constantia,
330 2449 364 2500 et
388 2441 507 2522 gravit
499 2447 551 2497 tte
576 2433 762 2521 strperasl'te
773 2440 786 2518 )
844 2431 933 2507 Sed,
963 2433 1054 2515 quod
1077 2431 1120 2501 de

91 2541 149 2606 illo
170 2549 387 2626 acceperant,
409 2541 582 2600 autetiam
607 2534 872 2622 suspicabantur,
894 2534 935 2597 de
957 2555 1011 2596 me
1028 2532 1119 2596 idem

91 2645 305 2732 cogitabant,
328 2643 509 2705 abiectiore
533 2641 644 2700 animo
666 2660 729 2700 me
747 2638 918 2705 suturunu
945 2658 1047 2719 quum
1064 2655 1120 2698 res

91 2745 225 2833 publica
249 2749 412 2806 maiorem
427 2746 526 2803 etiam
549 2737 631 2803 mihi
653 2746 818 2811 animtun,
840 2760 938 2820 quam
963 2757 1121 2818 umquam

94 2841 293 2918 habuissem,
315 2845 431 2918 daret,
461 2864 545 2927 quae
568 2839 781 2915 declarasset,
803 2838 865 2903 sese
889 2863 959 2903 non
980 2836 1122 2926 potuisse

94 2975 148 3016 me
190 2973 257 3014 uno
301 2953 366 3012 civi
412 2967 548 3010 carere:
600 2965 768 3026 quumque
803 2940 983 3005 Metellum
1019 2946 1119 3005 unius

95 3056 223 3119 tribuni
253 3051 362 3136 plebis
396 3053 544 3134 rogatio,
605 3067 658 3107 me
694 3042 847 3108 universa
874 3065 930 3108 res
969 3043 1124 3132 publiea,

95 3157 181 3220 duce
211 3152 348 3222 senatu,
399 3155 582 3214 contutante
606 3145 723 3216 ltalia,
766 3145 937 3209 referente
971 3146 1123 3220 consule,

94 3254 390 3346 promulgantibus
432 3263 510 3313 octo
542 3251 706 3316 tribunis,
737 3251 880 3311 comitiis
906 3253 1124 3322 centtn·iatiS‚

476 3440 741 3454 m

138 3579 212 3652 paffi
225 3574 310 3658 suut]
329 3575 416 3632 Haec
431 3570 523 3631 verba
542 3567 584 3629 sa·
640 3566 675 3631 fia
693 3569 764 3628 mibi
781 3567 953 3652 glossatoris
968 3572 1128 3633 cuiusdam

97 3665 133 3720 tis
159 3662 335 3729 declarant,
363 3677 427 3718 non
451 3653 511 3716 else
535 3659 582 3713 (21-
640 3675 765 3714 manum
783 3661 906 3735 potior,
929 3678 1021 3734 quarn
1042 3660 1129 3717 Cice·

98 3751 204 3805 ceroni
236 3745 402 3804 restitutam
432 3762 499 3799 enm
536 3761 584 3799 ae·
640 3744 724 3800 runis
738 3739 837 3801 stilum
854 3742 1128 3820 proderevidetur.

99 3831 183 3888 dium
202 3847 332 3907 partem,
352 3847 444 3906 quam
455 3825 585 3884 Clodius
683 3824 832 3896 referente
858 3827 972 3898 consule
998 3830 1138 3900 promul-a

99 3907 584 3974 LiberteticonsecraveratMau.
639 3915 777 3986 gantibus
793 3923 858 3969 octo
882 3907 1027 3994 tribunis]
1055 3911 1132 3971 Vul-

140 4001 182 4074 est
220 4020 289 4055 vern
331 3999 514 4071 probandum
544 4029 585 4043 -
640 4016 683 4076 go
698 4000 800 4058 editur
815 3996 976 4057 consensu:
999 3999 1130 4072 prunul-
1207 4007 1208 4010 ’

91 4082 276 4166 superajj'et]
307 4084 393 4144 Haec
420 4080 587 4163 purentbe-
642 4085 778 4160 genubus
820 4085 950 4142 omnibus
983 4082 1133 4158 referente
1164 4105 1168 4111 ·
1221 4122 1225 4131 «
