2506 4808
131 522 153 584 9

107 1038 147 1082 10

160 320 206 400 90'
458 304 742 377 EPISTOLA
781 306 899 377 XXIa
1012 332 1017 341 ¹

248 498 511 587 Epigrammatis
537 501 626 569 tuis,
660 517 745 579 quae
773 500 811 561 in
832 494 1020 564 Amaltheo
1044 498 1206 587 posuisti,

161 603 315 664 contenti
333 603 479 669 erimus,
501 596 698 683 praesertim
713 619 816 681 quum
832 610 866 661 et
884 596 1018 665 Chilius
1033 622 1106 667 nos
1127 602 1205 671 rell·

162 707 290 787 querit,
312 712 345 763 et
368 696 516 762 Archias
541 695 625 761 nihil
648 698 689 761 de
711 720 765 762 me
788 696 969 789 scripserit;
992 722 1031 765 ac
1058 724 1205 781 vereore

160 824 222 875 ne,
244 798 395 865 Lucullis
414 802 573 882 quoniam
593 798 761 863 Graccum
777 808 901 888 poema
917 803 1096 880 condidit,
1108 826 1202 873 nuno

159 905 201 969 id
217 901 441 969 Caecilianam
467 899 613 965 fabulam
633 899 771 987 spectet.

240 1002 397 1068 Antonio
420 1013 479 1065 tuo
501 1007 638 1067 nomine
659 1008 782 1089 gratias
807 1008 880 1091 egi;
911 1025 1053 1090 eamque
1074 1002 1196 1093 episto*

155 1106 224 1173 lam
245 1102 376 1170 Manlio
404 1102 492 1168 dodi.
535 1101 641 1167 Valde
665 1115 698 1166 te
722 1103 901 1170 venditari.
947 1104 1006 1171 Ad
1036 1120 1075 1173 te
1107 1108 1191 1175 ideo

157 1219 255 1273 antea
284 1209 392 1268 rarius
424 1201 550 1293 scripit,
592 1202 684 1286 qnod
713 1226 784 1268 non
811 1201 977 1271 habebam
1005 1210 1193 1287 idoneum

156 1314 213 1375 cui
237 1306 371 1389 darem5
407 1326 472 1369 nec
498 1303 575 1369 latis
598 1303 759 1382 sciebam,
796 1328 863 1395 quo
885 1307 1011 1374 darem.

532 1489 803 1510 *ἡ*

196 1637 226 1700 9,
251 1612 512 1700 Epigrammatis]
554 1612 640 1677 haud
696 1618 830 1677 hortatus
848 1621 929 1696 sum.
970 1619 1062 1701 Idem
1082 1622 1116 1685 in
1135 1640 1197 1687 flu

151 1700 248 1769 ‘dubie
264 1703 385 1763 Graece
407 1700 533 1780 scriptis.
695 1716 795 1764 treme
810 1712 956 1769 oratione
970 1711 1036 1768 eiue
1056 1726 1179 1789 poena,-

88 1787 93 1804 '
195 1792 226 1849 in
243 1784 421 1869 Arnaltieo]
450 1790 482 1847 ia
503 1785 559 1847 illo
584 1806 639 1869 gy·
695 1790 733 1847 tir
759 1794 952 1854 mentionem
976 1792 1062 1857 iecit.
1110 1786 1176 1869 Ml!

150 1870 269 1939 mrtefio
286 1871 334 1932 vel
356 1872 487 1953 praedio
504 1872 640 1952 Epiroti·
696 1882 759 1931 aut.

151 1981 211 2031 cn,
241 1954 295 2018 sub
321 1953 420 2019 statue
444 1970 478 2015 ut
498 1956 638 2029 videtur,
737 1959 778 2016 ad
805 1951 1006 2017 Caecilianam
1020 1954 1179 2047 sabaimJt

151 2046 321 2108 Ciceronis.
364 2041 435 2104 vid.
466 2038 559 2121 supra
587 2059 638 2123 ep.
694 2043 714 2106 i.
739 2062 764 2103 e.
791 2062 832 2102 ne
855 2062 938 2104 nunc
962 2046 1005 2105 de
1024 2044 1166 2121 Metelllt,

120 2154 123 2159 ,
151 2151 202 2214 ¹9,
250 2124 380 2188 Gronov.
694 2130 746 2208 qui
762 2126 887 2189 luerunt
902 2149 921 2189 e
936 2130 1097 2204 Caecililt,
1112 2126 1165 2193 lol-

191 2215 365 2291 praesertim
394 2208 503 2294 quarn]
538 2210 638 2270 Petie·
695 2209 749 2272 bat
766 2232 908 2290 carmem
935 2233 1006 2274 nem
1028 2219 1063 2277 iit
1080 2214 1184 2361 uait.

149 2304 294 2362 :atenim
311 2300 447 2368 Atticos,
471 2292 638 2375 utfiquid
693 2296 850 2357 familiaria
881 2313 948 2358 eret
978 2320 1015 2360 nc
1037 2298 1128 2362 bucol

147 2382 276 2447 Archias
306 2384 346 2442 de
377 2382 531 2442 Cicerone
568 2379 637 2439 scri·
693 2381 729 2440 Id
749 2380 887 2462 appellet
902 2403 960 2463 per
980 2390 1087 2447 iocum
1102 2386 1205 2451 Cet..

148 2468 261 2552 pstllet,
288 2472 439 2534 mitteret,
459 2469 600 2544 itemque
615 2461 638 2522 st
693 2465 833 2526 cilienam
851 2465 987 2529 fabulam
998 2511 1009 2542 ,
1029 2489 1087 2551 per
1102 2460 1207 2529 ella-'i

148 2555 226 2638 quid
248 2551 374 2614 Chilius.
427 2551 500 2609 Erat
530 2565 635 2609 eutem
692 2548 807 2611 fioncm
831 2551 871 2611 ed
895 2553 1067 2615 Caecilium
1101 2524 1207 2763 pori

147 2657 282 2722 uterque
312 2639 435 2717 poetice
464 2649 531 2694 arte
566 2630 635 2694 infi-
691 2649 755 2695 tam
783 2633 943 2697 scenicum.
990 2634 1114 2716 Ernesti.

146 2732 223 2811 gnis.
276 2719 398 2780 Manui.
737 2738 783 2783 to.
806 2719 956 2805 Antonio]
988 2725 1024 2784 C.
1042 2722 1160 2787 notauit
1187 2744 1193 2755 '

188 2813 231 2870 nil
252 2812 355 2867 deme
376 2801 550 2885 scripserit]
589 2804 635 2862 in-
690 2804 832 2887 collegae
857 2826 941 2868 meo.

146 2893 269 2957 choavit
281 2910 403 2961 temen,
429 2888 567 2948 simodo
583 2907 634 2947 ve·
728 2892 844 2968 gratias
875 2890 947 2975 egi]
985 2895 1061 2973 quie
1089 2884 1160 2955 tell'

144 3001 215 3043 rum
239 2976 299 3049 cll,
337 2974 424 3057 qnod
450 2973 579 3055 legimus
600 2976 633 3031 in
687 2977 1160 3060 negorioSicyonioiuvitep.ti·

146 3080 226 3127 orat.
262 3082 322 3143 pro
351 3056 485 3127 Archia;
527 3060 632 3136 potuit
689 3075 724 3120 ut
749 3059 788 3120 ab
810 3081 851 3121 co
874 3066 1027 3143 petieram
1058 3072 1160 3145 ep.t7·
1191 3066 1196 3073 “

144 3154 227 3210 enim
259 3151 370 3207 Cicero
401 3143 522 3211 dicere,
558 3144 632 3221 quia
693 3140 819 3204 Corrad.
1188 3150 1195 3165 ¹

145 3231 255 3295 caulae
282 3228 474 3291 serviendum
497 3240 630 3306 putaret.
730 3225 850 3288 Manlio
873 3228 964 3315 dedi]
998 3231 1037 3292 T.
1055 3222 1160 3292 Mallio
1204 3238 1207 3293 ἵ

143 3319 230 3381 Dixit
245 3332 347 3377 eutem
371 3311 462 3372 haec:
488 3331 564 3391 quae
581 3331 631 3371 ree
688 3317 742 3396 qui
756 3314 895 3397 Thespiis
907 3319 1095 3398 negotiatur.
1113 3314 1162 3395 ita.
1205 3304 1207 3313 ¹

144 3423 204 3467 nos
251 3405 284 3462 in
327 3397 487 3461 consulatu
523 3392 630 3455 nostro
688 3399 931 3462 aanrn.Xlll.
952 3420 1000 3462 22.
1025 3396 1162 3475 Garrah·

143 3487 304 3548 vobiscum
332 3505 393 3564 pro
424 3480 519 3542 salute
541 3479 630 3541 huius
732 3479 825 3542 Valde
846 3494 876 3541 te
897 3482 1074 3570 venditaai]
1107 3484 1161 3547 To·
1205 3544 1207 3551 ,

143 3571 236 3636 nobis
262 3586 357 3650 etque
385 3568 522 3646 imperii,
569 3585 630 3647 pro
688 3566 1163 3655 trtthiclocusvulgoitelegt·

141 3661 205 3727 ¹vite
235 3658 362 3725 civium,
407 3670 533 3735 proque
566 3653 632 3711 uni·
688 3650 795 3714 batur:
814 3689 853 3702 -
876 3648 997 3713 Manlio
1022 3656 1102 3717 dedi.
1126 3644 1207 3731 Ali,

143 3739 228 3805 veria
250 3736 372 3821 republ.
394 3732 552 3821 geminum
587 3749 632 3795 nt·
688 3749 717 3796 tc
742 3740 809 3797 ideo
833 3749 921 3797 antea
949 3741 1048 3799 rarius
1071 3734 1167 3819 scripll
1192 3738 1207 3775 ·‘·

141 3830 212 3912 tigit
235 3822 285 3885 hic
308 3818 440 3883 verlibut
470 3833 560 3903 atque
585 3823 628 3878 in·
686 3826 764 3901 qnod
784 3845 841 3883 aaa
862 3826 1017 3898 habebam,
1058 3828 1106 3885 cui
1123 3828 1169 3887 da·

142 3912 268 3971 choacit.
297 3908 407 3992 Quibus
424 3904 629 3985 auditisquod
684 3930 749 3966 rem
780 3930 832 3968 nec
854 3911 931 3984 satis
953 3910 1086 3985 sciebam
1107 3911 1171 3993 quii

140 3999 215 4056 mitt
236 4015 346 4075 inagna
371 4013 417 4050 res
446 4003 476 4050 et
503 3993 629 4049 incunda
686 3996 798 4056 darem.
828 3988 909 4054 Vale.
947 3987 989 4071 Te
1016 3998 1175 4063 vindicavi.

138 4084 204 4160 visa
219 4083 270 4158 eft,
280 4085 354 4139 hunc
364 4080 404 4137 ad
417 4075 629 4156 perficiendum
689 4074 807 4137 Cincius
821 4078 852 4155 si
865 4079 936 4156 qaid
948 4083 989 4139 ad
1006 4102 1056 4140 me
1074 4084 1122 4143 tui
1133 4104 1177 4145 aa·
1202 4090 1205 4095 '

1199 3156 1207 3205 't
