2506 4808
147 308 212 375 232
447 295 733 369 EPISTOLA
791 298 881 371 Lx,

146 486 243 556 Italia
257 509 328 554 non
344 485 421 554 satis
437 483 560 552 abesse:
582 508 646 552 nec
669 485 808 564 scribis,
831 477 947 577 ‘quam'
963 495 1006 561 ad
1026 496 1052 562 cl

147 589 394 679 exspectemus.

117 714 138 759 2
228 691 329 781 Quod
345 713 399 756 me
423 690 465 755 ad
478 698 581 759 vitam
596 713 717 770 vocas,
738 718 846 762 unum
866 693 995 773 efficiS,
1017 713 1052 764 ut

144 814 265 860 manus
284 796 487 874 abstineam3
514 792 656 859 alterum
669 819 740 862 non
755 811 877 887 potes,
904 812 944 864 ut
959 823 1052 865 men

144 895 202 963 stri
222 891 350 960 consilii
372 898 525 977 vitaeque
543 903 727 982 poeniteat.
773 898 866 990 Quid
881 906 973 966 enim
993 901 1052 976 est²

142 1020 198 1064 me
212 1002 373 1069 retineat,
397 993 593 1082 praesertim
614 997 635 1062 fi
660 999 733 1088 spes
758 1022 796 1067 ea
815 1017 887 1067 non
903 1000 969 1077 est,
999 1024 1052 1088 qua

141 1097 393 1192 proficiscentes
409 1093 693 1183 prosequebatur?
727 1126 806 1171 nou¹
818 1106 959 1176 faciam,
980 1115 1019 1167 ut
1035 1124 1052 1168 e

141 1224 217 1268 rem
232 1198 378 1264 miserias
394 1217 531 1272 omnes,
553 1203 589 1264 in
607 1222 690 1284 quas
704 1205 811 1270 incirli
827 1227 890 1295 per
909 1203 1052 1270 summan

141 1312 243 1378 riam,
273 1314 307 1366 et
324 1299 427 1364 scelus
444 1321 512 1364 non
538 1313 607 1365 tam
626 1308 842 1371 inimicorum
864 1327 1040 1382 meorum,

140 1406 353 1476 invidorum,
373 1424 417 1466 ne
433 1414 468 1466 et
484 1424 598 1467 meum
611 1428 800 1472 maerorem
814 1413 1003 1496 exagitem,
1026 1421 1052 1472 et

100 1498 104 1505 ’
140 1507 289 1573 eundem
310 1501 441 1568 luctum
464 1527 594 1570 vocem.
644 1508 721 1574 Hoc
744 1507 897 1585 affirmo,
933 1515 1052 1575 nemin:

140 1623 210 1675 tem
227 1613 333 1695 magis
349 1605 530 1697 optandam
544 1607 655 1674 fuisse:
683 1616 778 1676 cuius
804 1611 1017 1699 oppetendae
1032 1625 1052 1675 ti

137 1691 404 1781 honestissimum
426 1709 694 1796 praetermissum
718 1710 775 1777 est.
844 1711 988 1797 Reliqua
1011 1727 1052 1778 tei

138 1835 209 1881 non
223 1810 297 1877 sunt
310 1815 377 1875 iam
393 1808 435 1873 ad
449 1811 668 1887 medicinam,
687 1812 745 1877 sed
760 1811 800 1877 ad
815 1810 918 1876 finem
935 1813 1052 1882 doloris

107 1924 128 1992 3
219 1915 274 1981 De
287 1936 324 1979 re
338 1911 472 2000 publica
485 1911 583 1976 video
600 1928 634 1979 te
650 1913 808 2000 colligere
823 1919 947 1989 omnia,
963 1939 1046 2000 quae

138 2017 284 2101 aliquam
300 2013 390 2100 spem
413 2011 495 2076 mihi
511 2013 600 2100 posse
624 2015 748 2080 afferre
771 2015 1010 2084 mutandarum
1031 2042 1052 2083 ri

138 2140 223 2202 quae
240 2135 440 2199 quamquam
456 2119 577 2201 exigua
592 2115 685 2191 sunt,
708 2130 838 2192 tumen,
860 2103 1019 2202 quoniam
1040 2143 1052 2207 Ι

137 2218 384 2306 exspectemus.
436 2211 495 2280 Tu
518 2215 624 2281 nihilo
647 2224 778 2291 mium,
807 2218 829 2282 fi
851 2226 1046 2308 properaris

136 2320 352 2404 consequere.
394 2318 482 2382 Nam
498 2331 554 2380 aut
571 2319 769 2384 accedemus
784 2326 820 2384 in
833 2323 993 2408 Epirum;
1024 2346 1052 2387 at

135 2424 178 2489 de
203 2444 265 2511 per
291 2421 494 2486 Candaviam
519 2422 655 2484 ibimus·
708 2419 966 2486 Dubitationem
990 2437 1052 2488 auti

133 2528 238 2614 Epiro
260 2546 329 2587 non
345 2522 563 2588 inconstantia
583 2521 698 2585 nostra
720 2524 905 2595 asserebat,·
920 2524 978 2589 sed
1000 2548 1052 2609 qui

132 2627 257 2699 fratre,
280 2625 339 2690 ubi
356 2646 433 2687 cum
449 2623 548 2689 visuri
566 2622 724 2696 essentum
752 2625 995 2692 nesciebamus.
1044 2629 1052 2688 s

132 2728 270 2812 quidem
285 2748 348 2813 ego
366 2749 511 2810 necque
534 2724 636 2790 modo
663 2723 812 2802 visurus,
842 2750 907 2793 nec
932 2732 992 2811 qui
1013 2728 1052 2792 dii

130 2853 190 2903 aus
210 2829 285 2903 sim,
309 2828 386 2892 scio.
428 2827 469 2893 Id
486 2825 533 2892 est
554 2833 739 2891 maximum
768 2841 802 2892 et
824 2830 1048 2897 miserrimum

508 3021 778 3038 m-

171 3146 251 3202 cuius
288 3147 469 3220 oppetendae
500 3155 614 3220 tempus
669 3143 791 3217 lorum,
823 3164 903 3226 quos
931 3165 969 3206 ex
991 3144 1052 3208 trist

129 3230 357 3306 honestissimum
376 3232 613 3306 praetermissum
670 3227 740 3290 casu
756 3244 787 3288 et
798 3227 916 3290 miseria
932 3236 1034 3312 capio.

129 3313 191 3397 est]
227 3333 342 3394 nempe
358 3331 392 3375 ut
408 3315 511 3376 Clodii
526 3317 613 3376 soro·
710 3335 798 3397 quem
814 3317 935 3395 quidem
949 3351 991 3363 —
998 3319 1052 3393 sei<

126 3421 175 3460 res
192 3403 218 3457 vi
232 3400 425 3480 repellerem,
442 3404 532 3460 etium
544 3422 613 3460 eum
670 3399 832 3460 emendavi
861 3401 1038 3484 vulgatum:

84 3551 89 3560 ‚
125 3490 234 3546 mortis
256 3485 413 3566 periculo·,
450 3483 613 3546 honeslum
669 3486 786 3561 quidem
799 3506 854 3562 ego
870 3506 921 3543 uec
935 3506 1052 3566 quomo*

126 3573 210 3629 enim
229 3586 295 3630 erat
316 3585 369 3629 out
386 3576 528 3643 vincere,
558 3585 611 3630 aut
661 3571 765 3646 surus,
789 3573 902 3628 necubi
917 3573 1052 3648 dimissae

123 3653 230 3724 saltem
265 3657 388 3716 sortiter
418 3671 610 3740 pugnantem
667 3652 900 3734 nescio.'Quod
913 3676 972 3716 nos
989 3659 1052 3716 edit

124 3740 325 3802 occumbere.
666 3738 805 3799 firmetur
826 3739 900 3800 loco
916 3738 1009 3822 epist.
1028 3744 1052 3812 6:

167 3828 285 3908 reliqua
306 3821 466 3906 tempora]
508 3827 527 3886 i.
545 3844 572 3884 e.
587 3821 611 3884 fi
667 3825 754 3884 sratri
770 3822 800 3882 se
811 3844 960 3908 purgans,
976 3847 1052 3907 quoi

121 3911 309 3973 nunevelim
325 3924 458 3969 mortem
480 3924 612 3990 oppete-
666 3927 733 3968 non
754 3909 879 3969 viderit:
910 3911 1052 3972 deindei

121 4017 168 4068 re,
191 4001 333 4057 uoniam
348 3994 611 4054 medicinamalo-
668 3996 835 4071 congressus
873 3996 969 4072 nostri
1012 4001 1052 4056 lar

121 4101 190 4147 eum
209 4086 380 4166 quaeritur,
401 4078 455 4141 sed
470 4077 537 4142 finis
553 4080 611 4141 do·
668 4081 779 4138 tionem
795 4080 939 4156 pertimui
944 4101 960 4153 ,·
990 4086 1052 4164 dig.
