2580 4792
205 306 247 371 50
496 286 781 357 EPISTOLA
823 288 932 357 xvi.

207 479 272 545 lius
298 479 338 544 ad
365 477 565 543 Terentiam
588 477 703 566 postea
723 477 833 543 rediit.
878 477 1030 565 Opinor,
1060 480 1102 544 ad
1126 476 1236 545 confi-

208 583 321 655 dium,
356 580 504 654 Axium,
529 578 691 646 Selicium
714 578 977 664 confugiendum
1006 576 1062 642 est.
1106 579 1195 645 Nam
1220 602 1237 644 a

109 736 114 755 .
211 681 358 750 Caecilio
376 686 560 770 propinqui
574 685 705 744 minore
721 677 910 744 centesimis
930 703 1115 748 nummum·
1127 704 1237 751 moue·

210 1017 326 1074 minem
341 1030 434 1093 quem
445 1009 555 1068 Cicero
568 1009 696 1066 nomine

211 1098 345 1181 figurato
377 1093 538 1177 appellere
569 1090 696 1171 meluit,

211 1186 266 1263 qui
280 1177 417 1240 debuisse
434 1179 555 1238 videtur
571 1177 696 1235 Cicero·

209 1269 259 1336 ni,
295 1280 325 1324 et
349 1283 433 1334 non,
463 1270 529 1342 <suo
551 1275 696 1340 tempore

210 1347 337 1411 volebat
348 1349 469 1417 Cicero,
480 1341 608 1416 solvisse,
628 1361 661 1405 ut
677 1365 695 1406 e

210 1434 286 1495 lenti
313 1430 409 1494 verbo
438 1430 588 1512 colligere
616 1429 696 1493 licet.

191 1520 329 1595 „Verum
356 1517 390 1577 id
404 1531 486 1603 tum,
508 1515 642 1586 valeret,
675 1513 698 1575 fi

211 1603 324 1666 Cicero
351 1605 463 1660 leuium
490 1621 595 1657 nomen
628 1598 698 1658 scri·

209 1684 321 1769 pstslct.
372 1687 464 1745 Nunc
491 1706 587 1767 quum
616 1685 698 1744 dicat

193 1772 323 1837 ‘iculum
345 1772 514 1849 negotium,
541 1771 573 1829 id
596 1789 697 1850 aeque

210 1856 311 1927 bene.
333 1856 374 1916 de
397 1876 437 1917 eo
457 1859 511 1937 qui
527 1851 698 1934 'pecuniam

210 1940 242 2005 se
257 1941 444 2004 crediturum
454 1938 638 2021 promiserit,
650 1939 699 2000 so·

211 2026 365 2088 lotionem
379 2042 483 2085 autem
499 2023 698 2084 excusationi·

211 2108 271 2173 bua
286 2109 360 2172 'usus
377 2108 543 2182 distulerit,
569 2109 697 2181 dicitur,

212 2217 251 2258 ac
271 2194 311 2256 de
331 2193 475 2256 debitore
497 2194 635 2273 quodam
651 2193 698 2254 lo·

207 2280 364 2342 lotionem
380 2277 633 2360 procrastinante,
658 2279 696 2337 E·

212 2366 340 2448 quident
361 2363 415 2424 sub
430 2368 557 2424 nomine
570 2365 698 2422 Teucri·

212 2452 259 2511 dis
285 2449 384 2510 latere
408 2465 488 2529 puto
517 2449 697 2508 foenerato-

212 2555 280 2595 tent
305 2535 480 2616 quendem,
515 2549 569 2592 aut
591 2536 697 2611 potius

194 2619 376 2680 'mulierem
397 2620 540 2686 divitem,
571 2618 698 2677 Antonii

210 2701 426 2771 necessariam,
444 2723 526 2783 quoe
543 2702 697 2774 Ciceroni,

193 2789 349 2872 ¹allegato
365 2789 406 2848 ad
423 2789 602 2846 Terentiam
619 2789 698 2845 Cor-

210 2869 697 2953 nesio,pecnniaesummatnmn-

211 2972 296 3018 tuem
312 2956 491 3016 sedatorem
502 2954 695 3034 promiserat,

210 3038 234 3101 st
255 3041 348 3102 vellet
364 3044 529 3100 Antonium
549 3040 696 3097 desende-

210 3146 264 3196 το,
287 3144 328 3186 ne
350 3145 387 3183 ex
407 3127 566 3203 provincia
590 3126 696 3183 Mace·

210 3209 317 3281 donia,
339 3223 511 3290 quamtum
527 3209 695 3287 proconsul

193 3294 351 3377 'regebam
364 3307 555 3354 evocaretur.
568 3295 630 3371 Qui
641 3316 695 3353 an·

207 3393 272 3440 iem
289 3377 343 3437 snb
362 3372 505 3434 Toni-fue
520 3376 615 3457 ipsum
631 3384 693 3438 An.

208 3467 330 3525 ionium
345 3461 568 3527 intellexerunt,
578 3463 693 3523 causas-

209 3568 273 3629 que
293 3544 383 3606 huius
404 3547 620 3626 appellationis
647 3554 691 3609 in·

207 3632 325 3715 degere
338 3631 518 3701 uoluerunt,
541 3634 580 3691 ad
596 3655 691 3692 unum

208 3736 318 3777 omnes
341 3737 471 3796 opernm
488 3715 585 3776 iusisse
598 3720 689 3778 nobis

201 3800 366 3888 uidentur,
395 3818 428 3860 ut
452 3823 561 3860 eornm
586 3810 689 3861 conie-

206 3902 306 3945 cturot
325 3885 387 3945 ltuc
410 3887 624 3946 transscribere
642 3893 690 3967 pi·

205 3986 434 4134 geanJidinm]
459 4055 499 4132 Q
508 4052 689 4113 Considium

752 1004 996 1074 foeneretorem.
1029 1009 1136 1070 Valet·-
1153 994 1239 1075 Meri

751 1088 804 1148 lib.
818 1089 871 1151 lV.
895 1108 920 1153 c.
937 1106 967 1165 8.
1024 1091 1151 1158 Coi-rad.

794 1171 928 1258 Arima]
971 1178 1011 1258 Q.
1036 1183 1144 1240 Axium
1164 1179 1236 1240 divi·

752 1273 815 1318 tem
838 1276 870 1318 et
887 1263 1123 1330 foeneratorem
1142 1266 1182 1326 cf.
1199 1261 1253 1324 ad*

750 1347 814 1405 Ait.
830 1344 883 1405 lib.
900 1348 940 1404 X.
957 1367 1007 1428 ep.
1026 1370 1074 1412 η.
1092 1363 1138 1424 15.
1165 1343 1239 1407 Cori·

754 1431 821 1489 rud.

799 1509 959 1598 Selicium]
1016 1516 1076 1576 Hic
1107 1537 1237 1601 quoque

753 1599 937 1679 publicanus
984 1616 1015 1662 ct
1055 1602 1236 1666 foenerator

754 1681 841 1743 suillo
859 1686 987 1746 videtur.
1034 1678 1162 1749 carrad.

796 1791 815 1825 a
835 1765 988 1853 Caecilio]
1032 1771 1071 1850 Q.
1089 1773 1236 1845 CaeclliO,

756 1853 849 1913 divite
867 1870 898 1914 et
912 1856 1124 1932 foeneratore,
1148 1860 1238 1919 attici

755 1939 917 2001 avunculo.
969 1940 1059 2010 Erat,
1085 1957 1118 2002 ut
1139 1941 1239 2005 scribit

754 2024 864 2101 Nepos
880 2026 1011 2083 inAttici
1025 2030 1085 2087 vita
1102 2049 1128 2090 c.
1137 2042 1168 2102 5.
1184 2028 1239 2089 dis·

754 2107 888 2184 ficillimffa
911 2124 1039 2180 nutura,
1080 2116 1166 2174 cuius
1188 2112 1238 2173 iil·

755 2207 857 2251 tamen
879 2192 920 2251 stc
942 2193 1137 2273 asperitatem
1162 2201 1239 2258 veri·

755 2293 803 2336 tus
818 2275 870 2348 est,
895 2293 929 2336 ut
944 2299 1037 2357 quem
1051 2301 1145 2342 nemo
1159 2284 1238 2343 serre

753 2359 865 2441 posset,
884 2360 973 2422 huius
987 2361 1051 2423 fine
1066 2363 1238 2428 offensione

755 2447 794 2505 ad
809 2445 955 2505 summam
981 2447 1168 2512 senectutem
1191 2472 1239 2513 re·

754 2535 879 2590 tinuerit
896 2533 1236 2609 benivolentiam,adao

753 2632 789 2674 nt
818 2630 888 2674 e'um
921 2618 1072 2679 Caecilius
1101 2618 1236 2682 moliens

755 2698 937 2760 testamento
959 2704 1128 2784 adoptaret
1151 2706 1238 2767 here·

755 2787 891 2865 demque
900 2788 1015 2847 sacerct
1029 2809 1063 2847 ex
1073 2790 1237 2853 dodrante.

795 2875 910 2927 minore
940 2860 1120 2959 centesimis]
1154 2879 1238 2938 Con·
1278 2870 1282 2879 Ι

751 2958 853 3014 iecere
863 2961 915 3013 viri
932 2958 1026 3029 docti,
1043 2959 1238 3021 scribendum

754 3037 813 3096 elle
838 3043 978 3112 minoris,
1000 3064 1082 3120 quae
1104 3043 1149 3104 est
1162 3047 1236 3131 legl-

752 3129 824 3183 time
840 3131 871 3183 in
887 3125 947 3186 linc
960 3149 994 3185 re
1008 3128 1120 3188 sonna.
1138 3132 1236 3192 Etiam

751 3212 866 3268 minore
887 3211 1062 3292 legitimum
1093 3213 1174 3287 effe,
1201 3230 1236 3277 nt

751 3297 854 3368 tungrii
880 3312 910 3353 et
932 3319 1041 3372 magno
1070 3320 1170 3358 emere
1192 3302 1236 3361 di·

751 3394 822 3437 cunt
838 3379 951 3460 vulgati
968 3385 1156 3444 delenloret.
1174 3386 1233 3446 Pro

749 3467 874 3519 utinm—is
893 3464 967 3522 illud
991 3464 1051 3537 est,
1085 3472 1175 3548 quod
1198 3490 1234 3531 ex

749 3546 779 3606 h.
790 3549 810 3609 l.
826 3549 867 3607 stc
880 3570 1105 3612 commemorat
1114 3556 1233 3616 Seneca

748 3652 798 3711 ep.
814 3654 862 3691 21.
887 3655 972 3708 quom
987 3639 1078 3693 durus
1090 3635 1231 3705 foenera·

747 3728 797 3773 ior
815 3714 977 3790 Caecilius,
999 3744 1018 3775 a
1034 3744 1089 3795 quo
1108 3726 1232 3784 minoris

747 3802 906 3871 censalimis
919 3808 1092 3881 propinquis
1100 3831 1231 3869 ntammtts

746 3888 863 3944 annueri
881 3907 940 3945 acu
965 3893 1075 3964 pay-lin
1107 3897 1164 3958 nifi
1188 3897 1231 3958 ibi

744 3988 897 4029 mutatum
921 3971 963 4031 est
984 3980 1099 4034 minore
1123 3986 1154 4042 in
1176 3985 1229 4040 mi-

744 4058 836 4116 ›tes-is.
879 4057 949 4141 Ego
964 4064 997 4120 in
1011 4065 1127 4122 minore
1143 4070 1229 4130 intel·
