2506 4808
151 321 215 390 538

378 301 676 372 <EPISTULA
731 303 947 371 LXXXII.

158 506 254 567 rent,
285 489 340 556 sed
359 505 396 556 ut
419 491 461 555 ad
483 488 628 571 nostram
655 486 783 552 causam
808 490 1044 580 adiungerent.
1088 495 1191 561 Nunc

139 641 141 646 -
158 591 180 656 st
196 591 350 658 consules
365 595 495 657 anobis
511 592 690 656 alieniores
706 589 769 654 esse
784 593 905 667 velint,
926 595 1016 681 posse
1030 594 1066 658 id
1082 595 1191 661 libere

158 697 290 776 sacere3
319 691 365 756 sin
386 692 491 758 velint
513 689 627 755 nostra
650 689 760 764 causa,
787 691 871 757 nihil
895 694 985 780 posse
1007 694 1038 757 se
1061 700 1190 761 invitis.

159 795 247 861 Nam
270 793 361 878 quod
383 791 515 857 scribis:
554 798 590 857 ni
611 799 658 857 ita
681 795 777 860 vobis
802 794 996 882 placuisset,
1022 796 1098 861 illos
1121 795 1191 862 hoc

100 912 102 917 '
157 898 250 986 idem
273 917 334 982 per
356 892 519 983 populum
545 891 748 980 assecuturos
771 896 885 978 suisse;
908 902 1022 962 invitis
1042 900 1191 960 tribunis

159 997 268 1086 plebis
293 992 365 1059 fieri
387 993 480 1058 nullo
496 994 600 1058 modo
616 1002 738 1083 potuit.
782 998 832 1061 Ita
849 1021 990 1073 vereor,
1013 1010 1110 1062 nect
1130 996 1193 1061 stu·

160 1100 216 1164 dia
242 1099 461 1162 tribunorum
490 1094 712 1164 amiserimus:
751 1110 804 1172 et,
840 1096 993 1162 fistudia
1018 1110 1193 1170 maneant,

160 1198 314 1266 vinclum
342 1194 424 1260 illud
456 1196 750 1284 adiungendorum
777 1196 948 1262 consulum
969 1198 1119 1263 amissum
1144 1197 1193 1262 sit.

161 1298 311 1366 Accedit
332 1298 419 1364 aliud
441 1321 511 1363 uon
532 1321 677 1386 parvum·
699 1300 975 1384 inconunodurnj,
1005 1301 1098 1385 quod
1122 1322 1195 1388 gru-

543 1495 812 1510 Μι-

165 1617 284 1672 rebatur
310 1617 347 1671 de
372 1607 534 1686 pirnuinciis
560 1632 649 1692 quae·

156 1701 291 1775 storum,
315 1703 395 1756 etde
413 1700 551 1755 ornandis
566 1719 652 1771 prae-

166 1785 287 1840 toribus.
311 1784 350 1842 Et
367 1785 466 1842 Livius
485 1783 536 1842 lib.
553 1782 649 1842 XLII.

165 1873 202 1927 de
218 1869 358 1925 ornandis
372 1869 590 1944 tnagistratibus
599 1888 651 1926 ex·

64 2022 72 2032 ,
165 1956 295 2013 euntibus
312 1955 489 2010 mentionem
503 1951 595 2021 facit.
612 1984 652 1998 --

201 2040 251 2112 sin
273 2035 384 2118 velint]
415 2041 523 2117 inepte
534 2032 538 2042 “
550 2034 652 2120 vulgg.

166 2125 294 2194 vellent,
345 2142 441 2202 quum
479 2126 510 2181 in
542 2121 653 2180 eudem

166 2209 317 2268 orationis
345 2207 421 2265 serie
449 2222 521 2267 ante
541 2203 595 2280 fit,
624 2207 654 2281 si

168 2293 271 2351 velint.
284 2349 286 2353 ,
297 2285 423 2365 Ernesti.

207 2378 300 2435 libere
320 2373 449 2458 fucere]
485 2378 557 2456 quia
578 2372 655 2435 nihil

168 2462 299 2542 amplius
323 2461 446 2521 anobis
463 2461 653 2540 exspectent,

168 2567 265 2627 quum
287 2550 347 2604 iam
371 2544 413 2604 sui
434 2549 498 2605 voti
523 2565 653 2624 compo·

167 2647 212 2690 ter
244 2631 317 2690 sacti
346 2626 427 2701 sint,
483 2633 653 2708 provincias

166 2735 225 2796 per
247 2714 385 2776 senatum
410 2710 543 2776 assecuti.
582 2709 655 2772 Ma-

168 2808 231 2860 niet.

211 2884 243 2940 ni
256 2883 299 2938 ita
314 2882 394 2939 vobis
410 2881 575 2964 placuisset]
596 2881 657 2940 Re·

169 2981 218 3027 cte
245 2963 399 3039 Ernestius
429 2969 508 3024 vobis
537 2989 574 3024 ex
605 2966 656 3026 ed.

168 3047 246 3113 lens.
291 3065 323 3110 et
353 3049 492 3112 Ascens'
515 3049 656 3112 restituit.

168 3135 275 3219 Vulgo
297 3139 387 3195 nobis.
434 3137 544 3196 Cicero
575 3138 656 3194 enim

168 3240 236 3283 uon
263 3216 483 3282 ¹verba'littici
525 3225 656 3298 repetit,

168 3304 221 3366 sed
242 3303 421 3366 sententiam
446 3306 613 3365 narrando.

211 3411 266 3464 per
278 3390 442 3471 populum]
462 3393 563 3468 Saepe
575 3390 656 3446 enirn

171 3474 212 3533 ed
235 3475 390 3555 populum
416 3472 655 3557 consngiebant,

169 3573 205 3616 ut
230 3580 288 3639 per
315 3580 386 3618 cum
413 3562 607 3640 provincias,
638 3576 656 3615 a

76 3650 79 3654 ’
170 3642 277 3702 senatu
293 3661 439 3727 negatas,
469 3643 655 3705 obtinerent.

170 3727 315 3808 Ideoque
352 3730 449 3807 paulo
488 3732 583 3797 ante,
621 3740 656 3784 ut

169 3809 272 3871 scribit
317 3813 508 3881 Suetonius,
562 3831 656 3890 quarn

106 3955 109 3959 .
170 3895 292 3956 Caesari
316 3896 449 3956 Gessium
473 3893 656 3975 Cisalpinam

169 3979 291 4041 senatur
307 3977 446 4051 dedisset,
467 4000 541 4039 mox
556 3981 657 4039 etCo-

169 4080 286 4130 matam
308 4065 440 4138 adiecit,
479 4068 578 4126 veritis
600 4085 657 4148 pa-

706 1609 821 1683 tribus,
841 1631 897 1684 ne,
918 1609 941 1671 s1
962 1609 1019 1692 ipsi
1037 1608 1198 1694 negassent

707 1697 845 1777 populus
870 1713 901 1755 et
918 1696 997 1757 lianc
1019 1698 1117 1756 daret.
1155 1698 1196 1756 Et

708 1781 777 1862 poll
796 1780 930 1841 Caesaris
953 1785 1109 1842 interitum
1126 1782 1198 1840 Cel-

708 1872 799 1926 ticem
829 1871 990 1947 regionem
1015 1887 1111 1948 quum
1143 1866 1197 1925 de·

708 1948 844 2029 speraret
864 1951 909 2009 nt.
932 1954 1084 2011 Antonius
1114 1949 1198 2010 ase·

707 2051 784 2096 nutu
821 2037 982 2115 impetrari
1020 2031 1132 2116 polle,
1179 2055 1199 2096 a

708 2117 834 2202 populo
863 2127 991 2200 accepit.
1035 2116 1155 2178 Manut.

751 2207 831 2261 utillo
854 2205 965 2287 niodo]
997 2210 1068 2285 quia
1099 2204 1196 2264 tribu-

709 2292 741 2349 ni
765 2288 862 2368 plebis
879 2311 976 2370 quum
996 2289 1046 2349 lex
1063 2289 1102 2348 de
1120 2309 1197 2368 pro-

710 2378 813 2435 vinciis
837 2374 1045 2444 consularibus
1069 2373 1110 2433 ed
1136 2393 1198 2453 po·

709 2459 819 2539 pulum
847 2460 995 2532 serretur,
1027 2459 1199 2518 intercede-

709 2563 744 2603 re
772 2541 948 2622 potuissent.
1014 2545 1088 2623 Quo
1113 2540 1201 2602 metu

711 2625 849 2688 consules
866 2629 904 2689 ad
920 2628 1130 2688 conciliandos
1145 2624 1201 2686 fibi

710 2711 851 2772 tribunos
869 2717 973 2774 omnia
988 2710 1090 2773 nostra
1108 2711 1197 2772 causa

711 2794 867 2869 secislent,
897 2795 981 2856 side
1000 2796 1089 2857 nobis
1112 2801 1197 2877 prius

711 2885 742 2940 iu
758 2880 880 2953 senatu,
905 2903 996 2962 quant
1021 2882 1060 2942 de
1076 2885 1201 2962 provin-

713 2969 765 3025 ciis
796 2982 948 3050 ageretur.
992 2968 1200 3026 Nuuc‘video

713 3048 812 3110 vestro
829 3048 974 3110 consensu
989 3052 1103 3110 sactum
1120 3047 1200 3121 esse,

712 3139 796 3214 priua
813 3151 847 3194 ut
862 3151 1006 3217 ageretur
1020 3137 1059 3194 de
1074 3142 1200 3216 provin·

713 3222 776 3280 ciis.
817 3221 864 3280 lta
883 3240 988 3302 neque
1008 3224 1069 3279 iam
1093 3219 1201 3280 consu-

665 3327 667 3330 ⁴
712 3301 757 3364 les
786 3307 942 3381 tenemus;
981 3305 1092 3386 quibus
1114 3304 1201 3365 nulla

712 3408 795 3448 nunc
823 3387 1000 3449 necessitate
1029 3387 1199 3459 obstrictis,

712 3472 842 3532 liberum
872 3471 931 3545 cst,
969 3474 1119 3555 quicquid
1146 3494 1202 3532 vo-

712 3557 802 3626 lunt;
848 3575 880 3618 et
910 3556 1050 3618 tribunos
1081 3557 1200 3638 plebi„

714 3663 810 3720 quutn
840 3647 908 3704 iure
928 3642 1102 3703 succensere
1116 3640 1202 3722 'pos-

712 3723 786 3797 sint,
801 3735 924 3808 ⁸vereor
943 3747 984 3787 uo
1003 3727 1200 3787 omiserimus.

714 3807 835 3868 Manui.
854 3813 988 3871 Omnem
1005 3828 1107 3872 tamen
1119 3810 1204 3871 hunc

715 3898 874 3956 Ciceronis
883 3912 999 3956 metum
1008 3917 1121 3958 vanum
1133 3896 1202 3957 suis·

712 3978 744 4043 se
761 3996 886 4042 eventus
904 3981 1022 4043 docuit.
1039 3982 1040 3986 ’
