2506 4808
107 314 164 384 53-
353 302 379 357 s
405 282 694 365 ents‘rou'n
735 293 857 364 xm.

114 475 185 554 ten't
206 486 353 554 ludibrio
379 483 518 550 laesum·
533 490 592 559 iri,
621 506 685 550 neo
707 479 884 549 Metellum
912 480 1071 567 fratrem,

116 590 264 661 dictum,
295 592 419 673 cupite,
455 607 493 650 ac
518 585 664 651 fortunis
687 605 749 672 per
775 595 810 647 te
841 596 1070 671 oppugnatum

116 688 227 779 Quem
251 684 272 749 fi
293 709 414 775 parum
437 687 548 774 pudor
571 684 670 774 ipfius
689 682 911 758 defendebat,
939 686 1070 752 debeba‘

91 859 94 865 ,
116 790 260 858 familiae
275 787 408 853 nostrae
423 788 591 876 dignum,
614 787 668 854 vel
688 807 802 852 meum
817 783 963 850 studium
982 809 1064 876 erga

116 912 256 973 remque
277 889 448 975 publicam
477 887 554 954 sutis
578 887 759 956 sublevare.
808 886 908 952 Nunc
929 888 1027 954 video
1057 897 1069 954 i

118 996 390 1063 circumventum
398 1011 408 1072 3
436 1011 496 1054 me
516 988 702 1064 desertum,
731 993 892 1074 aquibus
921 996 1060 1056 minime

116 1096 283 1159 veniebat.
327 1092 443 1173 Itaque
463 1096 499 1158 in
516 1091 629 1166 luctu,
659 1104 694 1156 et
712 1086 863 1175 squalore
880 1086 968 1165 sum,
998 1098 1056 1176 qui

88 1232 90 1238 ·
119 1199 260 1268 vinciae,
283 1196 340 1277 qui
355 1195 519 1258 exercitui
533 1191 696 1281 praesum,
716 1196 773 1279 qui
789 1189 916 1256 bellum
932 1213 1026 1279 gero.
1058 1193 1070 1256 i

120 1448 172 1516 hic
203 1448 353 1511 Metellus
388 1468 428 1510 eo
465 1462 611 1532 tempore
668 1453 798 1533 occepit,
815 1449 1069 1530 exedoptionutn

120 1531 518 1618 nondumiuiffetCousul.
546 1534 610 1594 Sed
667 1533 838 1596 suetudine.
892 1536 1016 1615 Opinor
1047 1557 1070 1595 et

122 1615 372 1704 temen'legimus
383 1636 439 1679 eoe
452 1623 545 1678 etiem
555 1622 610 1700 qui
666 1617 738 1702 poll
762 1619 843 1679 henc
866 1622 1070 1699 adoptionem

122 1710 298 1788 provinciae
320 1701 494 1765 consuleret
521 1723 610 1786 rege-
667 1720 732 1766 tum
756 1702 817 1765 effe
838 1705 965 1765 fratrem
988 1708 1070 1776 eine,

123 1787 607 1868 rentProcousuleteppolletos,
666 1794 845 1852 nominetur
869 1790 909 1866 ini
925 1787 983 1850 hac
1011 1792 1070 1867 epil

123 1896 264 2022 lilii?
292 1872 610 2018 llllifllilt
667 1872 1070 2040 lssiiti'i‘i‘isslp‘tl‘z

125 2059 189 2107 eret
229 2046 388 2125 provincie
425 2039 609 2115 consulerit,
665 2041 789 2125 polluto
806 2040 959 2121 suspicari,
976 2047 1070 2123 quiet

125 2146 220 2211 (piem
246 2128 358 2187 Cicero
387 2129 420 2186 in
450 2125 611 2187 consulatu
667 2126 858 2189 consulerunt
882 2131 971 2209 prior
990 2125 1070 2209 geffit

88 2209 96 2221 ⁸
127 2209 324 2293 deposuerat.
379 2207 506 2272 carrad.
668 2233 733 2294 quo
757 2226 863 2292 putet,
896 2226 972 2272 netu
1001 2217 1070 2271 maii

121 2369 126 2375 α
168 2291 329 2355 Metellum
338 2293 490 2383 fratrem]
533 2296 612 2355 Ger·
666 2293 783 2360 suille.¹
810 2293 924 2356 Rursus
953 2295 1070 2355 obiicie‘

125 2391 270 2453 menum,
308 2396 343 2440 ut
371 2396 461 2462 peter
487 2382 612 2461 utrique
669 2386 737 2464 quis
761 2378 907 2442 credibile
926 2400 991 2440 nou
1012 2377 1070 2441 elle

126 2468 222 2528 fuerit
253 2467 293 2546 Q.
317 2465 463 2527 Metellus
486 2467 611 2545 Nepos,
666 2482 759 2548 peter
791 2469 916 2526 unicum
949 2465 1047 2524 filium

126 2550 277 2612 Balearici
293 2548 389 2623 filius,
413 2549 613 2610 Macedonici
667 2546 1018 2634 prendumconcellerit.
1043 2553 1070 2608 Si

126 2656 239 2717 nepos.
260 2637 341 2696 Nem
358 2634 441 2697 hunc
454 2636 612 2716 Nepotem
671 2653 720 2697 cet
735 2639 877 2716 opinari,
901 2656 997 2715 quum
1020 2632 1070 2694 hic

129 2722 288 2784 Ciceronis
309 2724 486 2792 inimicum,
516 2719 613 2779 filium
670 2720 799 2783 tellure
823 2719 863 2800 Q.
886 2718 1020 2779 Metello
1044 2721 1068 2779 C

128 2810 196 2870 eius
209 2807 344 2886 Nepotis
358 2802 456 2876 inille,
472 2809 527 2887 qui
543 2823 635 2877 cumi
672 2803 715 2866 est
748 2803 935 2883 adoptatus,
968 2803 1070 2863 alteru

128 2891 169 2952 T.
192 2891 287 2952 Didio
315 2888 421 2951 consul
447 2891 506 2950 fuit
530 2906 613 2949 enno
671 2887 924 2951 suiffemuiorem
938 2905 1012 2949 netu
1027 2890 1070 2948 fre

129 2973 255 3037 DCLV.
276 2971 616 3036 Pedieuueosteuditin
672 2979 727 3057 qui
757 2973 969 3054 appellaretur
999 2975 1070 3054 Qun

131 3063 357 3120 commentario
398 3056 615 3120 Cornelieuoe.
673 3059 762 3140 quod
786 3055 959 3118 verofimile
984 3056 1043 3130 est,

130 3144 191 3205 Hic
216 3148 314 3203 oritur
335 3140 492 3225 quaestio,
516 3140 617 3202 fiire·
672 3144 751 3206 filius
766 3143 1070 3223 prioreloconetusj

132 3242 193 3289 tres
222 3232 378 3311 germani,
409 3249 463 3288 cur
490 3231 617 3309 utrique
672 3248 790 3291 nomen
841 3231 936 3306 putris
977 3225 1070 3285 ellum

131 3332 326 3395 praenomen
341 3313 444 3372 idem?
475 3309 615 3393 Respon·
674 3315 749 3396 Quo
778 3309 849 3392 post
874 3311 1070 3389 adoptionen

132 3397 242 3469 detur,
264 3400 337 3479 quie
355 3396 464 3468 Celer,
495 3399 545 3458 cui
562 3392 616 3456 etii
672 3402 758 3462 noris
777 3399 878 3456 i'retris
893 3410 1031 3468 mortuo,
1052 3413 1070 3455 u

131 3478 258 3542 forteffe
286 3483 385 3545 Lucio
421 3501 616 3564 praenomen
672 3479 780 3566 polleo
802 3497 892 3541 uetur
912 3485 1008 3559 petris
1024 3502 1070 3558 prr

132 3561 224 3637 eliet,
246 3581 350 3627 tumen
365 3566 533 3648 adoptetur
547 3567 616 3648 eQ.
672 3567 898 3648 mineQuiutur
914 3563 1065 3626 dictusfit.

133 3650 267 3712 Metello
282 3651 411 3724 Celere,
437 3673 476 3713 eo
491 3655 544 3735 qui
558 3671 618 3712 uo·
674 3662 735 3714 nur.

133 3739 269 3796 minetur
303 3740 336 3798 in
371 3736 424 3797 lib.
460 3737 500 3802 de
528 3736 616 3798 cleris
716 3738 766 3813 qui
777 3737 884 3794 bellum
903 3731 993 3815 gero]
1019 3753 1070 3791 cur

133 3837 214 3882 oret.
243 3841 269 3881 c.
297 3833 350 3902 89.
390 3819 477 3886 millo
511 3837 618 3883 vetere
674 3819 753 3883 leffis
782 3834 816 3881 et
836 3818 979 3899 inalpinis
1004 3835 1070 3900 gent

132 3909 340 3986 praenomine
353 3907 486 3988 Quinto·
509 3904 618 3990 eppei·
675 3927 758 3989 quae
782 3905 924 3967 nondum
946 3903 1070 3984 populo

132 3984 289 4063 Iemerii,
313 4006 427 4054 etcum
441 3994 619 4075 praenomi-
674 4011 769 4054 meno
787 3988 950 4073 parebunt.
995 3982 1070 4045 Mau

38 4156 43 4164 1
132 4093 175 4147 no
190 4075 309 4140 Celeris
330 4082 426 4149 etiem
439 4095 620 4165 cognomen
970 4078 975 4085 ’
