2506 4808
311 308 600 383 EPISTOLA
655 306 886 376 LXXXVI.

1049 316 1115 390 343

82 519 244 564 revocare
264 509 400 584 tempus
432 503 584 561 omnium
613 495 874 570 servandorum,
901 517 1024 580 quum,
1056 501 1117 581 qui

81 599 254 671 servetur,
272 621 343 662 non
365 602 439 670 erit,
460 621 529 661 non
544 597 658 685 posfis.
701 596 797 661 Vale.

463 803 733 820 W

127 937 574 1022 omniumservandorum]Vul-

85 1047 127 1111 go
141 1029 394 1104 reservandorum.
415 1029 455 1085 At
463 1030 495 1084 in
507 1044 575 1084 uno

85 1128 206 1172 tentum
229 1129 334 1171 vetere
356 1109 436 1170 libro
457 1109 573 1169 lectum

86 1194 214 1256 testatur
230 1199 389 1256 Manutius
404 1196 573 1270 conservan-

86 1285 201 1341 dorum.
213 1279 365 1341 Ernestius
373 1279 510 1342 malebat
510 1281 573 1355 sefi-

86 1369 261 1438 vandorum,
279 1367 375 1447 idque
389 1357 432 1424 ob
446 1362 575 1445 sequens

88 1455 142 1534 qui
166 1454 305 1527 servetur
333 1450 573 1530 praeferendum

88 1534 198 1596 censui.
216 1535 576 1617 Martyni-Leguneedi·

90 1622 145 1681 dit:
159 1624 227 1681 vide
235 1643 270 1678 ne
279 1641 368 1701 quum
377 1621 449 1677 velit
456 1640 575 1677 revoca·

89 1729 123 1763 re
140 1708 232 1782 ipsum
248 1708 377 1762 omnium
393 1705 575 1780 conservato-

90 1812 170 1860 rem;
187 1796 228 1850 ita
243 1806 277 1851 ut
291 1789 401 1863 verba}
419 1789 577 1872 quum,qut‘

84 1879 231 1952 servetur,
249 1898 305 1932 nott
319 1877 387 1948 erit,
402 1875 576 1935 reserantur

92 1962 132 2021 ed
152 1960 309 2021 confilium
326 1961 496 2030 Ciceronis,
521 1956 576 2020 nifi

89 2046 309 2116 restitueretur,
328 2044 577 2125 mortem'oppe·

90 2133 186 2194 tendi.
232 2131 294 2191 Sed
322 2126 343 2191 st
374 2130 486 2190 Cicero
514 2129 576 2190 hoc

90 2212 249 2291 voluiffet,
278 2211 436 2295 scripfill'et
458 2220 575 2294 potius,

630 955 666 1000 ut
683 937 814 1022 opffnor,
832 943 863 1018 fi
879 959 1020 1000 revocare
1042 945 1114 1003 velis

631 1037 744 1103 tempus
759 1029 818 1086 mei
831 1029 1031 1103 conservandi.
1058 1034 1117 1088 Ar·

629 1116 790 1196 rogantius
822 1117 918 1186 enim,
945 1119 977 1174 in
1004 1110 1116 1193 episto-

630 1195 661 1256 la
686 1198 726 1257 ad
755 1195 928 1270 consulem,
957 1197 989 1259 se
1015 1198 1116 1280 ipsum
1209 1213 1211 1216 ’

631 1289 771 1349 omnium
792 1280 1039 1343 conservatorem
1061 1305 1116 1367 rp-

631 1364 779 1447 pelleffet.
819 1367 930 1448 Itaque
944 1387 1010 1428 non
1022 1369 1121 1431 video

633 1473 688 1513 cur
710 1473 729 1513 a
753 1451 877 1536 vulgata
906 1452 1124 1523 recedendum.

632 1533 685 1610 fit,
720 1554 801 1617 quae
825 1535 986 1597 benevim
1010 1536 1117 1615 hebet,

632 1635 667 1680 ut
700 1622 809 1683 Cicero
844 1622 1008 1681 Metellum
1043 1621 1119 1685 hor·

633 1721 733 1779 tetur,
764 1727 806 1767 ne
840 1702 964 1767 differat
992 1723 1118 1789 tempus
1201 1724 1202 1729 ’
1238 1724 1240 1729 ’

633 1796 772 1851 omniurn
791 1790 1030 1864 servandorum,
1050 1796 1070 1853 i.
1087 1813 1117 1857 e.

633 1881 727 1937 totius
756 1881 801 1937 rei
826 1875 970 1957 publicae
998 1874 1119 1939 serven·

633 1961 711 2036 dae3
749 1959 878 2021 fienim
914 1956 1043 2036 Clodius
1073 1967 1118 2023 ite

632 2050 821 2124 perrexerit,
859 2045 944 2105 brevi
976 2045 1117 2106 futurum

633 2129 704 2201 effe,
728 2147 763 2191 ut
779 2136 883 2190 omnia
899 2147 1040 2210 pereant,
1057 2150 1118 2195 nec

632 2221 687 2297 qui
705 2213 856 2289 servetur,
877 2211 1013 2297 superfit.

478 2415 733 2438 *m
