2506 4808
396 321 680 401 EPISTOLA
725 326 852 397 cL11.
1074 346 1136 427 393

100 515 203 586 ‚valde
219 515 415 583 exercitati,
438 523 471 575 et
485 513 581 577 boni..
617 511 688 579 Sed
705 511 856 587 nostrum
870 509 1065 581 instituendi
1080 537 1136 602 gu·

100 641 168 687 nus
186 615 251 682 esse
267 611 380 699 paullo
399 613 575 695 eruditius,
600 628 634 679 et
650 609 875 700 savineium,
897 637 968 682 non
981 620 1132 702 ignoras.

102 720 219 810 Quare
236 736 344 796 neque
365 734 427 799 ego
453 716 610 801 impediri
625 721 797 781 Ciceronis
812 721 897 789 iter,
920 727 1020 800 atque
1041 716 1133 783 illam

99 819 310 906 disciplinam
335 814 429 889 volo,
448 827 481 878 et
504 813 572 901 ipse
594 837 680 902 puer
695 821 802 903 magis
816 814 874 891 illo
887 815 1133 895 declamatorio
1176 870 1181 883 ..

97 941 229 1012 genere
256 919 335 984 duci
370 930 404 981 et
432 915 592 980 delectari
613 916 760 1011 videtun.
810 919 850 983 ln
880 939 947 1003 quo
975 926 1132 1002 quoniam

98 1023 159 1114 ipsi
175 1042 309 1107 quoque
330 1019 475 1091 fuirum,
494 1023 660 1104 patiamur
682 1016 778 1081 illurn
798 1023 850 1083 ire
865 1018 990 1083 nostris
1006 1024 1132 1087 itineri

99 1127 185 1206 bus5
205 1123 326 1188 eodem
345 1124 434 1182 enim
451 1129 695 1204 perventurum
717 1118 780 1183 esse
801 1117 1014 1198 confidimus.
1057 1123 1131 1189 Sed

97 1240 233 1298 tamen,
257 1221 279 1286 fi
303 1223 483 1288 nobiscum
505 1239 581 1281 eum
604 1238 664 1281 rus
690 1217 799 1302 aliquo
826 1221 1059 1299 eduxerimus‚
1093 1229 1129 1299 in

96 1328 186 1395 hanc
203 1323 350 1396 nostram
365 1326 542 1391 rationem,
557 1318 900 1406 consuetudinemque
913 1323 1127 1405 inducemus,

95 1432 222 1516 Magna
245 1431 334 1490 enim
356 1425 454 1486 nobis
478 1441 496 1483 a
520 1410 555 1483 te
578 1420 747 1507 proposita
768 1446 901 1489 merces
924 1425 988 1502 est,
1027 1451 1127 1513 quam

95 1543 190 1597 certe
204 1525 319 1592 nostra
339 1523 437 1611 culpa
457 1543 640 1605 numquam
657 1531 767 1615 minus
783 1528 1002 1613 assequemur.
1048 1529 1127 1623 Qui·

96 1638 162 1701 bus
184 1637 220 1696 in
240 1629 344 1700 locis,
370 1637 403 1689 et
419 1645 483 1706 qua
504 1620 562 1710 spe
576 1622 788 1701 hiematurus
812 1626 871 1702 fis,
895 1629 937 1693 ad
954 1653 1008 1696 me
1025 1653 1124 1716 quam

92 1728 344 1823 diligentissime
361 1725 485 1790 scribas
506 1723 616 1791 velim.
660 1724 755 1791 Vale.

170 1922 455 1996 neis'ronn
481 1920 631 1989 curu.
669 1915 1051 2018 (adonium.)
1120 1890 1122 1897 ’
1224 1882 1227 1887 ’

301 2055 364 2115 Scr.
390 2051 445 2112 lx.
465 2046 527 2108 kal.
548 2049 629 2110 Nov.
654 2052 692 2111 Α.
716 2048 754 2109 U.
779 2052 813 2111 (2
839 2052 910 2132 699.

92 2176 146 2240 De
162 2173 288 2236 Gabinio
308 2180 433 2249 propter
452 2167 627 2243 accusatoris
649 2179 679 2226 et
697 2169 926 2244 subscriptorum
944 2171 1119 2249 infantiam,

137 2280 240 2339 iudicii
260 2277 385 2355 sordes,
409 2281 440 2330 et
459 2265 594 2346 Pompeii
615 2273 830 2330 contentionem
854 2276 983 2351 absoluto
997 2277 1119 2353 scribit,

135 2394 165 2440 et
185 2402 284 2467 'qnare
305 2397 371 2434 eum
392 2394 444 2431 nec
464 2372 650 2447 defenderit,
675 2397 727 2432 nec
750 2377 909 2452 accusarit,
924 2376 981 2452 sed
1003 2389 1119 2435 tantum

133 2483 329 2559 testimonium
353 2487 455 2534 contra
469 2498 534 2533 eum
549 2479 681 2549 dixerit,
703 2479 845 2554 ostendit,
869 2499 896 2539 ι.
940 2481 979 2537 de
993 2480 1118 2555 versibus

133 2603 204 2663 qnos
226 2583 352 2664 Quintus
376 2575 480 2637 Cicero
502 2601 521 2635 a
544 2575 653 2636 Marco
668 2581 759 2654 scribi
779 2584 925 2639 voluerat.
947 2599 975 2641 ι.
1019 2583 1058 2638 de
1075 2583 1116 2639 ὀί,

131 2686 274 2743 biiotireco
297 2683 402 2766 Quinti
434 2682 564 2738 curanda
592 2694 622 2754 3.
666 2683 704 2737 de
730 2681 799 2738 aliis
820 2682 994 2764 quibusdam
1016 2684 1115 2738 donnes

122 2788 209 2865 sticis
227 2785 258 2865 4.

277 2895 512 2966 MARCUS
544 2896 594 2988 Q
625 2890 858 2970 FRATRI,
881 2894 920 2962 S.
980 2928 983 2935 ·

191 3018 354 3083 Gabinius
379 3015 548 3081 absolutus
565 3015 621 3079 est.
667 3014 817 3082 Omnino
843 3017 926 3079 nihil
949 3018 1114 3108 accusato

87 3143 124 3187 re
144 3118 312 3191 Lentulo,
346 3115 692 3205 subscriptoribusque
720 3121 791 3180 eius
814 3117 993 3202 infantius;
1029 3121 1113 3188 nihil

87 3222 145 3291 illo
174 3217 308 3285 consilio
339 3217 517 3283 sordidius.
571 3216 640 3282 Sed
672 3232 785 3280 tamen
816 3215 873 3282 nisi
899 3213 1111 3299 incredibilis

87 3328 274 3393 contentio,
296 3332 330 3383 et
342 3341 461 3405 preces
478 3317 639 3404 Pompeii,
663 3317 848 3383 dictaturae
866 3326 967 3385 etiam
983 3346 1113 3403 rumor,

87 3427 208 3514 plenus
225 3427 378 3495 timone,
401 3419 532 3492 fuisset,
555 3419 612 3506 ipsi
628 3416 775 3483 Lentulo
790 3442 859 3485 non
874 3420 1113 3510 respondisset,

464 3536 735 3551 n--n—-m

127 3591 568 3676 nivennensubntim,phi·
625 3612 661 3651 ex
690 3589 807 3669 pineda
837 3590 966 3662 bellica,
1011 3593 1061 3655 uel
1092 3616 1111 3657 ο

87 3677 253 3756 losophicir
268 3677 569 3757 quaestionibusmn·
625 3674 762 3737 caesaris
778 3676 973 3739 liberalitate.
990 3675 1112 3743 Manui»

87 3768 130 3848 gis
146 3764 304 3823 refertum.
348 3760 468 3820 Manui.
670 3757 760 3831 Epist.
784 3762 888 3823 CLIsl.
952 3785 978 3824 1.
1011 3766 1111 3840 sordi·

128 3868 177 3904 rus
205 3846 330 3927 aliquo]
371 3853 403 3907 in
434 3846 569 3924 aliquam
625 3843 1112 3926 dinsteximoobmultorun

87 3932 197 3992 viliam.
256 3930 352 3990 Nihili
396 3929 439 3990 est
468 3927 571 3994 Ursini
622 3936 800 4002 sisinium,
822 3932 1113 4017 quasscornrnrpi

87 4022 262 4081 coniectum
279 4017 375 4090 rursus
396 4017 504 4092 asr'qno.
627 4012 703 4096 psffi
723 4013 800 4077 sunt.
911 4060 914 4067 -
1095 4036 1104 4069 t

125 4122 187 4187 qua
203 4100 281 4184 spe]
303 4106 349 4188 tui
364 4101 501 4175 ditandi,
521 4096 572 4160 vel
