2506 4808
151 322 215 389 352
410 299 693 371 EPISTOLA
732 300 939 371 CLXVI.

153 491 203 561 est
225 503 294 558 tem
315 495 351 557 in
372 487 552 555 scribendo
571 494 733 576 impiger,
754 510 856 573 quam
886 487 991 578 ego?
1015 491 1056 559 A
1079 506 1115 560 te
1133 516 1202 561 vero

154 596 229 668 bis,
250 604 345 658 terve
362 590 551 665 summum,
566 600 602 655 et
615 611 671 656 eas
686 591 874 679 perbreves
891 600 1037 680 accepi.
1084 593 1202 686 Quare,

153 694 178 763 st
196 700 331 780 iniquus
348 713 385 757 es
408 699 446 757 in
469 713 522 755 me
543 690 663 766 iudex,
682 691 927 759 condemnabo
944 695 1085 762 eodem
1101 719 1162 786 ego
1176 711 1202 764 te

155 802 315 864 criminer
334 793 380 861 sin
398 816 453 860 me
471 792 506 858 id
528 793 641 857 iacere
655 792 771 867 noles,
791 804 828 857 te
842 796 932 862 mihi
948 818 1111 883 aequum
1124 824 1203 889 prae

154 896 239 964 bere
265 895 421 961 debebis.
466 891 535 959 Sed
567 894 609 957 de
638 893 748 959 literis
772 892 963 964 hactenus.
1016 900 1105 967 Non
1124 910 1201 967 enim

155 1019 294 1073 vereor,
317 1019 361 1062 ne
376 1018 445 1061 non
468 993 646 1060 scribendo
660 1006 694 1059 te
710 993 883 1081 expleam
906 1000 1127 1084 praesertim
1140 1002 1201 1071 siin

155 1120 198 1168 eo
213 1120 341 1190 genere
355 1097 501 1164 studium
517 1117 630 1161 meum
644 1117 714 1159 non
728 1095 968 1184 aspernabere.

126 1263 148 1308 s
256 1251 329 1338 Ego
353 1262 387 1313 te
407 1246 545 1313 abfuisse
576 1247 706 1313 tamdiu
732 1251 870 1316 anobis
893 1264 930 1316 ot
957 1253 1086 1329 dolui,
1122 1259 1199 1343 quad

155 1354 249 1418 carui
269 1350 386 1416 fructu
405 1347 657 1416 iucundissimae
677 1349 934 1419 consuetudinis
964 1369 1075 1439 tnae;
1099 1371 1135 1424 et
1148 1359 1199 1424 lae

154 1463 231 1524 tor,
254 1453 345 1533 quod
362 1449 478 1512 absens
495 1456 609 1516 omnia
622 1473 701 1516 cum
716 1459 861 1519 maxima
877 1455 1063 1547 dignitate
1082 1483 1122 1526 es
1138 1485 1200 1526 con·

153 1549 306 1629 secutum
326 1551 482 1634 quodque
497 1556 533 1615 in
549 1555 709 1617 omnibus
724 1559 792 1619 tuis
809 1556 934 1631 rebus,
960 1554 1059 1626 u'ieis
1086 1571 1198 1651 optatis

153 1652 291 1721 fortuna
304 1651 486 1739 respondit.
529 1649 638 1717 Breve
657 1650 720 1728 est,
740 1657 830 1738 quod
845 1681 901 1724 me
914 1662 987 1726 tibi
1005 1671 1199 1752 praecipere

154 1773 253 1819 meus
274 1753 485 1819 incredibilis
509 1757 545 1816 in
568 1765 603 1816 te
622 1775 717 1818 amor
732 1762 834 1844 cogit.
882 1757 1012 1829 Tanta
1029 1766 1087 1830 est
1102 1773 1199 1858 exspe

156 1861 261 1923 erario
277 1855 330 1923 vel
348 1859 470 1928 arrimi,
491 1852 544 1921 vul
566 1859 694 1942 ingenis
716 1862 781 1932 tui,
802 1872 841 1924 ut
854 1881 917 1948 ego
942 1876 983 1928 te
1005 1867 1199 1944 obsecrare,

155 1956 383 2041 obtestarique
401 1979 470 2022 non
484 1957 654 2028 dubitem,
677 1954 719 2020 sic
740 1957 781 2021 ad
796 1981 859 2024 nos
878 1965 1141 2037 conformatus
1162 1994 1199 2036 re

157 2070 308 2133 vertare,
329 2071 385 2133 ut,
407 2080 507 2141 quam
526 2055 807 2143 exspectationem
824 2067 873 2127 tui
888 2070 1108 2146 concitasti,
1125 2072 1198 2140 hanc

154 2158 333 2233 sustinere,
354 2181 391 2224 ac
412 2166 501 2226 tueri
518 2156 630 2246 posfis.
671 2159 733 2232 Et,
755 2167 913 2243 quoniam
930 2189 1059 2236 meam
1072 2187 1199 2240 tuorum

154 2284 236 2354 erga
258 2259 312 2328 me
334 2268 534 2326 meritorum
555 2264 752 2324 memoriam
774 2263 864 2327 nulla
879 2288 1061 2353 umquam
1083 2275 1198 2342 delebit

153 2365 297 2440 oblivio,
323 2377 359 2431 te
381 2386 482 2450 rogo,
511 2374 549 2427 ut
569 2367 780 2441 memineris,
812 2381 1132 2465 quantaecumque
1150 2383 1199 2446 tibi

154 2461 356 2535 accessiones
376 2461 459 2528 fient
477 2475 511 2527 et
528 2463 705 2538 fortunae,
727 2477 761 2528 et
782 2465 983 2553 dignitatis,
1004 2499 1072 2546 eas
1089 2488 1126 2547 t‘e
1141 2506 1198 2548 non

152 2565 296 2660 potuisse
318 2566 492 2648 consequi,
512 2564 571 2630 nisi
588 2572 673 2631 meis
694 2589 779 2654 puer
799 2567 881 2633 olim
906 2567 1146 2658 fidelissimis,
1163 2597 1198 2649 at·

155 2689 221 2756 que
236 2664 463 2734 amantissimis
479 2665 623 2734 consiliis
639 2667 807 2754 paruisses.
852 2667 974 2760 Quare
998 2675 1077 2754 hoc
1098 2692 1198 2752 animo

153 2776 192 2839 in
204 2791 269 2838 nos
284 2765 347 2835 esse
363 2768 504 2833 debebis
514 2782 586 2842 ,·ut
607 2782 697 2836 aetas
714 2767 826 2837 nostra
846 2775 912 2834 iam
930 2779 1198 2866 ingravescens,

154 2877 192 2938 in
204 2890 337 2945 amore,
358 2868 458 2955 atque
474 2875 510 2936 in
527 2869 750 2937 adolescentia
764 2883 820 2943 tua
836 2880 1084 2960 conquiescat.
1114 2891 1197 2956 vale.

533 3157 801 3172 m

192 3350 437 3437 Epist-CLXVI.
478 3376 506 3417 2.
527 3361 639 3434 consue·
740 3360 937 3435 adolescentia
978 3368 1065 3452 tua]
1110 3375 1199 3436 Recte

151 3441 263 3502 tudinis
278 3438 368 3524 tuae]
386 3451 454 3499 tuae
472 3463 541 3502 cum
554 3446 641 3504 Mur·
698 3441 848 3502 Graevius
868 3440 1006 3523 restituit
1032 3464 1092 3512 tua
1119 3462 1199 3541 quod

151 3527 372 3612 tyni-baguae
412 3527 596 3588 addidimus.
697 3524 797 3587 obesse
824 3548 891 3589 non
912 3530 1047 3610 potest,
1095 3548 1199 3605 iniuria

195 3613 276 3670 uulsa
296 3610 459 3696 remquam]
478 3614 528 3673 Sic
553 3628 639 3673 recte
696 3612 831 3670 deletum
859 3613 1050 3681 nGrutero
1073 3646 1198 3694 unctor,

150 3694 268 3758 Ernesti
292 3715 327 3754 ex
351 3696 420 3755 edd.
447 3718 491 3774 pr.
515 3713 546 3758 et
568 3694 639 3762 ΜΠ.
696 3694 880 3762 Gebhardo.
934 3694 1079 3784 Ernesti,

149 3781 257 3866 yulgo
276 3783 337 3840 ussa
351 3801 511 3862 nunquam.
