2580 4792
121 310 187 395 ,9⁶
401 301 683 373 musTotn
717 300 871 368 cmn.

121 499 207 559 meis
228 491 346 559 studiis
371 501 512 556 ornatus
533 487 632 563 esset,
655 507 827 572 quumque
847 507 913 577 ego
933 487 985 556 illi
1009 485 1102 554 nihil
1115 486 1176 555 ‹to-

121 599 260 667 berem,
280 593 337 659 ille
357 590 441 657 mihi
456 597 585 656 omnia:
606 593 775 656 tamenin
797 589 991 676 republica
1017 612 1077 654 me
1099 612 1119 655 a
1140 588 1173 655 se

124 694 371 761 dissentientem
385 714 455 758 non
470 688 567 766 tulit,
589 690 698 776 (nihil
719 691 832 755 dicam
848 698 1026 778 gravium)
1054 705 1092 758 et
1113 699 1175 759 mi·

125 817 191 865 nus
213 806 336 883 potens
357 816 398 860 eo
414 805 585 880 tempore,
607 792 688 877 quid
707 796 744 857 in
764 813 820 855 me
839 790 1028 859 florentem
1044 794 1175 882 posset,

126 896 282 964 ostendit.
325 894 427 961 Nune
451 916 554 978 quum
577 915 641 980 ego
655 915 700 958 ne
721 911 839 956 curem
857 895 999 977 quidem
1021 898 1176 963 multum

126 997 239 1089 posse,
260 1018 318 1063 res
336 994 473 1081 quidem
490 994 624 1083 publica
638 1008 732 1059 certe
751 992 835 1059 nihil
856 994 973 1083 possit,
996 1022 1094 1066 unus
1115 998 1176 1067 ille

126 1107 240 1166 omnia
254 1095 370 1187 posit,
393 1120 471 1163 cum
489 1098 546 1162 illo
565 1098 636 1184 ipso
652 1094 920 1162 contenderem?
943 1095 989 1165 sie
1009 1107 1107 1167 enim
1131 1103 1176 1168 sa·

127 1204 286 1268 ciendum
303 1199 423 1266 suisset.
468 1198 545 1264 Non
563 1195 762 1263 existimate
778 1208 916 1284 putare,
939 1202 977 1265 id
998 1200 1091 1267 mihi
1106 1201 1176 1269 sus·

127 1304 320 1390 cipiendum
336 1300 442 1365 fuisse.
484 1296 721 1365 Alterutrumt
739 1305 849 1383 inquit
862 1301 952 1365 idem
964 1301 1176 1390 Sallustium

127 1401 355 1480 defendisses3
402 1402 505 1484 idque
532 1398 695 1488 Pompeio
734 1403 956 1469 contendenti
1001 1405 1175 1490 dedissent

128 1507 257 1568 etenim
277 1500 500 1568 vehementer
522 1504 653 1566 orabat.
695 1502 861 1592 Lepidum
883 1509 1035 1571 amicum
1063 1507 1177 1575 Sallu*

128 1605 246 1677 stium,
268 1611 323 1688 qui
348 1602 430 1668 mihi
454 1615 511 1667 aut
536 1605 729 1670 inimicitias
752 1613 848 1692 putei
865 1606 1078 1693 periculosas
1104 1610 1176 1675 sub-

130 1705 259 1792 eundae
282 1704 394 1779 fuisse,
419 1718 476 1770 ant
496 1706 668 1770 infamiam
692 1701 939 1794 sempiternam.
986 1709 1066 1797 Ego
1093 1735 1174 1778 vero

128 1806 192 1872 hae
208 1808 442 1875 mediocritate
458 1807 632 1889 delecto'r3
655 1828 693 1870 ac
708 1807 791 1872 mihi
806 1807 888 1873 illud
905 1812 1103 1876 iucundum
1120 1812 1175 1885 est,

131 1906 239 1992 quod,
262 1929 365 1992 quum
386 1906 616 1974 testimonium
641 1907 822 1973 secundum
842 1905 962 1985 fidem,
985 1916 1023 1976 et'
1038 1912 1176 2002 religio·

130 2034 210 2078 nem
232 2010 418 2099 gravissime
441 2007 611 2082 dixissem,
631 2029 709 2073 reus
730 2010 834 2084 dixit,
868 2009 889 2074 si
910 2016 947 2075 in
968 2017 1119 2079 civitate
1140 2012 1176 2079 li·

132 2111 249 2181 auisset
275 2111 331 2178 sibi
364 2111 446 2184 esse,
485 2108 569 2174 mihi
597 2109 629 2174 se
658 2111 929 2187 satisfacturum,
966 2135 1088 2198 neque
1122 2134 1176 2179 me

134 2215 316 2299 quidquam
342 2216 574 2301 interrogavit.
1149 2288 1152 2294 ¹

104 2351 123 2393 2
240 2315 296 2381 De
312 2313 477 2388 verfibus,
500 2333 584 2398 quos
600 2312 661 2376 tibi
677 2331 695 2374 a
711 2335 765 2378 me
780 2313 878 2379 scribi
895 2322 957 2390 vis,
980 2314 1079 2382 deest
1092 2316 1176 2384 mihi

135 2416 272 2501 quidem
298 2437 416 2504 opera,
450 2437 532 2500 quae
563 2435 633 2480 non
657 2403 760 2479 modo
788 2427 943 2503 tempus,
987 2415 1176 2485 sedetiam

133 2522 281 2582 animum
308 2539 451 2586 vacuum
474 2519 515 2581 ab
536 2520 631 2581 omni
657 2539 740 2581 cura
767 2515 951 2598 desderat3
988 2518 1047 2591 sed
1082 2521 1175 2588 abest

514 2693 784 2709 m

176 2790 395 2880 alterutrum]
436 2795 486 2857 hic
518 2795 619 2858 distin·
678 2795 802 2870 sallem,
832 2795 1012 2862 testimonio
1043 2821 1176 2866 conten·

134 2881 197 2940 ctio
229 2887 329 2940 maior
363 2883 507 2962 ponenda
536 2899 621 2957 erat3
678 2900 737 2945 tus.
783 2880 903 2942 Manut.

134 2984 218 3044 quae
247 2967 342 3049 vulgo
370 2966 494 3046 prorsus
527 2966 636 3033 abest„
719 2989 815 3050 aeque
851 2990 897 3027 me
941 2973 1175 3058 interrogauit]

133 3049 320 3108 Alterutrum
364 3056 474 3134 igitur,
520 3056 623 3134 inquit
679 3056 750 3115 Hoc
771 3056 926 3114 s'aciebant
949 3062 1014 3126 rei,
1039 3080 1112 3138 quo
1133 3079 1176 3120 te·

133 3133 291 3196 Sallustius
340 3137 395 3194 tibi
441 3140 622 3198 faciundum
678 3139 735 3200 stes
760 3145 790 3199 in
811 3142 974 3200 mendacio
994 3144 1176 3220 deprehen·

133 3214 252 3296 suisset3
276 3242 313 3279 ac
328 3219 383 3280 nist
401 3222 541 3283 nccusnre
561 3224 620 3284 vel·
678 3227 799 3287 tierent.
827 3228 877 3284 Sic
886 3228 973 3303 ¹npud
985 3229 1175 3300 Pedianum,

133 3303 196 3375 let,
240 3305 414 3382 defendifses
442 3308 622 3371 Gabinium.
678 3314 1176 3392 interrogatosareoMilonete·

133 3388 239 3449 Iunius
280 3391 440 3451 malebat:
494 3398 623 3452 alterum
678 3393 754 3464 stes,
775 3416 856 3474 quos
878 3395 1177 3478 accusatorprodm

136 3476 246 3552 igitur,
269 3479 367 3552 inquit
391 3493 449 3539 etc.
678 3497 782 3549 xerat,
805 3480 942 3562 legimus.
983 3483 1057 3542 Fuit
1080 3490 1177 3568 igitur

176 3570 229 3616 aut
270 3558 427 3632 infamium
464 3563 622 3640 sempiter-
680 3562 885 3624 honorificum
901 3568 1059 3638 Ciceroni,
1086 3592 1176 3631 areo

134 3640 231 3727 nam]
246 3647 283 3705 Et
306 3664 408 3707 tamen
433 3651 529 3728 paulo
554 3648 623 3728 post
678 3645 1177 3731 nistilinterrogari,ques1nihil,

134 3728 302 3790 Gabinium
325 3737 356 3790 in
379 3731 435 3789 alia
463 3733 549 3792 cause
572 3735 624 3792 Ci·
678 3731 734 3794 nist
750 3732 913 3794 secundum
931 3735 1025 3795 fidem
1049 3755 1082 3799 et
1105 3742 1177 3802 reli·

136 3835 210 3874 cero
239 3817 386 3875 defendit.
425 3818 539 3878 -Adeo
568 3837 624 3896 pn·
681 3824 807 3902 gionem
838 3817 961 3879 dixisset.
1004 3818 1135 3888 Manet.

134 3919 202 3959 num
221 3896 274 3959 fibi
291 3897 433 3958 constitit.
725 3925 751 3962 2.
762 3905 871 3986 opera]
883 3897 1178 3983 pauloinsolentiue

170 3979 411 4066 satisfacturum]
433 3987 561 4064 gantiam
575 4005 624 4045 re-
682 3988 798 4047 dictum
828 4010 886 4068 pro
908 3991 1061 4054 sneultnte
1084 3996 1181 4060 labo·

134 4063 624 4150 laturumquodeumnoneecu·
673 4074 960 4154 uem-perfiniendi.
1014 4122 1017 4129 .
