2506 4808
150 315 217 391 254
380 304 689 375 aarsroan·
718 308 962 379 cxnvrtr.

119 520 124 525 ·
152 489 480 562 miracontentioest
495 491 684 579 consecuta.
709 494 1205 597 Curautemlaudarim,peto

153 609 244 670 ate,
265 609 303 660 ut
324 595 359 659 its
380 615 399 658 a
420 615 475 658 me
492 614 579 659 neve
598 591 811 671 inhaereo,
834 619 919 665 neve
934 607 975 666 in
999 605 1085 673 aliis
1101 618 1204 695 requi.

152 717 228 762 ras:
251 718 294 760 ne
309 697 372 759 tibi
388 716 453 780 ego
469 695 561 758 idem
575 715 755 781 reponam,
773 722 878 783 quum
893 711 1066 787 veneris;
1091 721 1202 777 tamet.

154 794 321 884 sipossum
335 795 388 863 vei
402 793 538 859 absenti.
582 793 779 863 Recordare
802 803 909 874 enirn,
933 807 1073 885 quibus
1096 809 1200 877 lauda.

153 902 285 963 tionem
307 919 350 963 ex
372 898 501 963 ultimis
526 902 628 963 terris
647 897 786 967 miseris.
830 900 905 965 Nec
923 900 998 970 hoc
1014 918 1199 996 pertimue

150 1002 213 1063 n's.
259 997 345 1062 Nam
362 1019 384 1063 a
396 1020 452 1067 nte
466 995 536 1085 ipso
556 997 754 1090 laudantur,
776 1012 811 1073 et
823 999 1070 1089 laudabuntur
1088 1013 1197 1087 iidem.

153 1095 226 1165 Sed
248 1110 362 1164 tamen
385 1098 591 1164 defendendi
605 1097 730 1164 Vatinii
752 1102 816 1166 suit
831 1107 934 1167 etiam
959 1105 1024 1171 ifle
1044 1110 1196 1179 stimulus

152 1198 278 1283 dequo
301 1202 501 1274 injudicio,
532 1220 636 1283 quum
656 1199 750 1265 illuni
774 1203 1019 1284 defenderem,
1058 1212 1134 1279 dixi
1150 1238 1196 1280 me

151 1300 265 1367 secere
286 1301 466 1385 quiddam,
492 1299 584 1384 quod
604 1306 643 1365 in
659 1302 826 1369 Eunucho
846 1305 1014 1395 parasitus
1043 1311 1196 1382 suaderet

148 1400 270 1467 'militit
627 1396 631 1405 ’

534 1584 805 1603 m

144 1702 242 1761 tinius
261 1720 349 1761 raus:
369 1722 446 1780 rogo
470 1723 539 1776 aaa,
564 1704 642 1773 iudi·
695 1705 851 1765 obtineres.
915 1707 957 1769 Et
996 1731 1194 1800 quemqnam

151 1808 216 1862 us,
238 1789 351 1862 nemsi
372 1790 564 1863 isredisertus
580 1791 639 1864 est,
696 1790 828 1851 ulterior
868 1789 1025 1873 Hispania
1072 1809 1193 1882 potius,

59 1908 64 1929 .
149 1875 411 1952 ego-damnandus
428 1873 521 1950 sum?
539 1876 641 1935 *Acce-
696 1894 792 1954 quam
807 1879 943 1949 citerior,
967 1882 1087 1946 ultima
1105 1903 1195 1951 terra·

149 1958 196 2021 dit
210 1955 418 2020 testimonium
430 1963 564 2021 auctorit
575 1959 641 2019 die·

147 2042 214 2127 logi
232 2043 272 2103 de
289 2043 467 2105 oratoribus
487 2065 574 2106 aar.
586 2054 640 2122 34.

146 2124 271 2188 Manui.

147 2232 152 2245 ¹
190 2215 269 2271 mira
292 2209 462 2293 contentio]
498 2232 558 2273 nec
582 2215 638 2271 ms·

145 2318 232 2374 rum3
253 2296 442 2357 tribunatum
457 2302 538 2357 enim
552 2295 636 2357 suurn

144 2403 183 2445 ex
201 2382 336 2448 Caesaris
351 2381 480 2440 libidine
496 2384 635 2442 Vatinius

145 2465 293 2553 gesseron
315 2471 346 2527 in
356 2486 421 2547 quo
439 2480 562 2543 praeter
574 2465 635 2527 elia

144 2552 248 2634 legem
269 2551 382 2611 tuiernt
403 2554 499 2610 invito
528 2551 635 2612 senatu

144 2639 186 2699 de
217 2637 318 2696 Gallia
348 2641 493 2695 citeriore
522 2636 562 2696 ab
593 2656 633 2697 eo

143 2720 233 2786 simul
254 2742 324 2781 cum
338 2721 444 2803 Illyrio
468 2740 525 2798 per
544 2725 635 2802 quin·

142 2811 315 2890 quennium
340 2805 518 2865 obtinenda.
556 2807 634 2864 Sue-

143 2897 248 2953 tonius
282 2895 314 2951 in
349 2890 480 2950 Caesare
524 2910 549 2949 c.
582 2909 632 2951 22.

142 2975 334 3038 Plutarchus.
359 2976 476 3035 Omnes
488 2971 634 3037 historici.

144 3057 266 3121 Manui.

185 3168 224 3206 ex
245 3148 357 3203 ultstnt's
378 3144 490 3229 terris]
523 3143 631 3227 Hispa·

695 1980 763 2017 runa
785 1956 875 2033 esset,
900 1964 942 2023 ad
958 1966 1138 2033 Oceanum
1152 1995 1194 2035 ue·

696 2063 759 2123 qua
774 2049 949 2124 pertinent,
971 2051 1006 2111 id
1025 2049 1194 2120 commuue

694 2141 800 2189 tamen
815 2129 983 2211 Hispaniae
1003 2155 1136 2204 nomeu
1149 2145 1193 2204 ci·

693 2232 768 2273 cero
787 2211 952 2294 spectavit,
993 2240 1104 2301 quum
1126 2224 1193 2289 asset

691 2317 731 2371 ee
758 2311 827 2359 tota
853 2305 1022 2379 provincia
1049 2311 1097 2371 ed
1116 2317 1192 2375 occi·

692 2382 840 2456 dentem,·
859 2378 950 2446 sicuti
967 2391 1008 2448 ed
1036 2399 1191 2459 orientem

691 2469 791 2550 Syrie,
812 2473 961 2531 terminus
978 2477 1116 2557 imperii
1130 2482 1191 2544 Ro·

691 2556 784 2614 mani.
843 2552 895 2614 De
932 2557 1050 2623 Cilicia
1090 2580 1189 2629 tamen

691 2656 775 2717 quae
796 2639 869 2699 citra
886 2641 1010 2723 Syriam
1032 2646 1100 2725 est,
1122 2654 1189 2714 dixit

692 2723 805 2783 Cicero
844 2722 898 2783 lib.
919 2727 994 2789 XV.
1016 2726 1019 2731 ’
1041 2736 1089 2794 ed
1111 2738 1187 2797 Fam.

687 2827 741 2895 7ορ.
757 2827 786 2887 9.
807 2829 825 2864 a
840 2818 870 2866 te
891 2811 952 2884 ipso
968 2815 1056 2890 misfi
1078 2822 1111 2880 t‘n
1127 2825 1186 2880 atti·

690 2911 754 2949 mas
771 2905 873 2970 gentes
882 2914 896 2963 ,·
914 2914 984 2957 non
1006 2905 1107 2980 quod
1125 2907 1187 2967 ulti·

689 2996 761 3036 mae
782 2993 889 3061 gentes
907 2977 962 3040 sed
985 2989 1086 3064 quod
1115 2996 1186 3053 inter

688 3060 811 3121 ultimas
831 3079 938 3144 gentes
971 3070 1109 3151 imperii
1127 3077 1186 3139 Ro·

688 3151 783 3206 mani.
828 3142 947 3212 Manat.
1047 3206 1050 3211 .

140 3235 212 3295 niae
226 3231 307 3290 duae
321 3234 463 3301 suerunt,
489 3235 630 3304 citerior,
730 3231 864 3314 miseris]
885 3238 943 3311 p'er
966 3234 1083 3305 literae
1101 3251 1187 3308 etiam

140 3332 171 3378 et
187 3317 333 3390 usteri0r3
356 3337 449 3396 quarn
464 3331 631 3396 utramque
688 3314 728 3375 ab
742 3321 794 3390 iia,
817 3322 871 3398 qui
885 3317 1041 3398 aberent,
1065 3337 1114 3392 roi
1129 3333 1188 3394 lan-

140 3421 224 3462 enno
240 3399 399 3480 superiore
415 3417 442 3459 et
464 3400 584 3460 senatus
600 3416 631 3461 et
688 3401 850 3464 dabantur.
890 3401 1050 3477 ¹Asconius
1065 3418 1188 3479 incom-

138 3484 631 3570 legeetribunopiebieTrebo·
686 3492 840 3546 mentatio
871 3507 933 3566 pro
964 3493 1121 3560 Scauro·
1161 3518 1189 3564 et

138 3578 193 3647 nio
224 3571 345 3651 perlata
374 3569 509 3650 populus
537 3570 630 3630 Pom·
685 3570 799 3631 Plauto
820 3570 934 3633 Bursae
963 3553 1189 3649 laudatio’nem

136 3663 213 3737 peio
235 3657 373 3715 dederat.
420 3657 478 3712 Hic
494 3655 535 3712 de
557 3660 630 3714 cite·
686 3656 882 3735 ei’ompeio,
903 3677 1005 3739 quum
1021 3664 1104 3731 esset
1119 3693 1192 3753 pro-

137 3739 462 3821 rioreeccipiendurn3
482 3742 630 3815 cuiprae-
686 3738 793 3818 consus
813 3741 980 3805 ederham
1000 3753 1046 3811 ed
1070 3759 1190 3819 iudices

137 3824 226 3887 fuisse
255 3848 324 3886 cum
355 3827 490 3900 imperio
514 3824 632 3898 Lentu·¹
685 3821 803 3885 missam
839 3825 971 3910 legimus
1015 3840 1051 3899 in
1084 3843 1192 3906 Dion,

136 3909 202 3978 iarn
224 3910 312 3990 supra
326 3905 567 3968 demonstratum
585 3906 629 3970 est
684 3908 740 3969 lib.
763 3911 830 3971 XL.
887 3910 1012 3981 Manat,

134 3997 171 4055 iis
195 3996 310 4067 verbis,
353 4015 439 4070 quum
465 4006 496 4051 tu
521 3990 627 4068 Hispa·
732 3992 885 4078 Eunucho]
900 4000 1194 4078 'serentiiAcessL

117 4081 400 4144 'niamcitert'orem
414 4100 480 4138 cum
495 4080 642 4156 imperia·
682 4075 940 4163 sc.-1·1·v.·5o‚..¹
1004 4134 1011 4147 .
