2506 4808
281 276 570 365 ,ems-roua
620 276 753 347 xxn.
988 298 1038 375 95

87 481 145 547 lem
165 473 261 542 laude
283 475 485 562 probitatis,
514 470 727 561 diligentiae,
750 475 946 566 religionis,
978 496 1036 541 ne·

105 605 153 648 me
175 581 254 651 tibi,
288 596 400 657 neque
428 595 631 658 quemquam
657 590 839 666 antepono.
892 577 1034 643 Amoris

87 703 179 770 terga
190 701 264 753 me,
287 698 389 761 quum
411 698 429 738 a
449 676 602 741 fraterno
617 676 869 764 domesticoque
884 676 1036 754 discessi,

87 791 204 874 primas
221 778 349 843 defero.
393 775 473 841 Vidi
493 784 600 853 enim,
622 780 710 856 vidi,
735 787 938 869 penitusque
961 801 1037 866 per-

87 892 150 952 iiu
173 887 260 947 meis
287 883 387 946 variis
411 885 624 966 temporibus
650 895 685 947 et
715 879 966 953 solicitudines,
1000 892 1036 945 et

87 994 138 1052 tias
163 998 250 1050 tuas.
293 979 370 1043 Fuit
391 976 475 1043 mihi
500 980 594 1071 saepe
623 996 657 1048 et
675 983 785 1049 laudis
807 979 940 1047 nostrae
963 1001 1038 1069 gra·

87 1095 116 1154 io
131 1100 191 1153 tua
205 1079 374 1152 iucunda,
399 1092 433 1143 et
446 1087 577 1148 umoris
594 1083 778 1149 consolatio
794 1094 898 1171 grata.
941 1081 1037 1170 Quin
1052 1164 1056 1172 Ι

104 1210 220 1261 nunc,
237 1198 272 1250 te
293 1181 445 1257 absente,
464 1206 536 1249 non
559 1183 665 1249 solum
689 1182 880 1259 confilium,
905 1205 974 1266 quo
995 1195 1037 1249 tu

87 1289 158 1363 llis,
185 1285 243 1351 sed
265 1291 365 1349 etiam
389 1281 552 1350 sermonis
571 1290 853 1360 communicatio,
874 1306 959 1369 quae
975 1289 1038 1351 mi·

87 1385 241 1457 uvisfima
262 1398 378 1451 tecum
400 1381 481 1449 solet
501 1383 582 1460 esse,
612 1392 759 1452 maxime
779 1385 881 1452 deest·
895 1428 928 1439 -
951 1385 1036 1471 quid

87 1489 131 1557 n?
146 1530 189 1542 -
210 1494 248 1554 in
263 1485 439 1576 publicane
460 1481 519 1548 re?
542 1508 608 1570 quo
626 1493 664 1553 in
678 1509 803 1575 genere
826 1485 909 1553 mihi
929 1487 1037 1576 negli-

87 1602 94 1661 i
112 1593 179 1661 esse
196 1613 267 1657 non
280 1588 378 1668 licet;
402 1607 444 1650 an
464 1590 500 1650 in
521 1585 644 1654 forensi
657 1587 795 1655 labore?
821 1612 921 1674 quem
937 1601 1036 1655 antea

86 1710 136 1761 ter
157 1693 377 1760 ambitionem
402 1686 616 1766 sustinebam,
637 1715 747 1767 nunc,
775 1704 814 1757 ut
835 1693 1036 1780 (lignitatem

109 1802 222 1886 gratia
239 1790 374 1882 possini3
410 1811 453 1854 an
476 1794 512 1855 in
538 1789 616 1879 ipfis
637 1792 829 1860 domesticis
858 1774 1035 1880 negotiis?

87 1903 181 1965 tibus
203 1917 268 1984 ego
292 1913 396 1977 quum
419 1904 535 1966 antea,
558 1905 632 1957 tum
655 1917 735 1961 vero
756 1892 832 1982 post
853 1891 1037 1965 discessum

87 2005 113 2065 is
146 2011 182 2063 te
214 1996 452 2078 sermonesque
478 1991 613 2058 nostros
641 1993 805 2067 desidero.
856 1994 1033 2062 Postremo

89 2099 191 2165 labor
222 2118 337 2170 meus,
373 2118 444 2160 non
466 2099 621 2179 requies;
654 2118 725 2161 non
747 2101 942 2183 negotium,
967 2119 1039 2163 nou

87 2225 122 2285 [ις
146 2223 222 2268 nou
242 2195 394 2264 forenses
416 2217 492 2270 res,
512 2218 582 2260 uon
604 2195 822 2280 domesticae5
844 2219 914 2262 non
933 2197 1040 2286 publi·

94 2324 171 2369 non
191 2306 339 2390 privatae
359 2318 474 2361 carere
493 2297 618 2362 diutius
636 2309 696 2363 tuo
717 2295 917 2372 suavissimo,
937 2313 1038 2383 atque

87 2400 229 2470 itisfimo
251 2395 407 2472 consilio,
428 2419 466 2460 ac
490 2396 641 2463 sermone
663 2394 808 2487 possunt.
850 2396 965 2484 Atque
986 2399 1042 2467 ha-

99 2527 223 2570 rerum
248 2506 606 2565 commemorationem
630 2500 835 2564 verecundia
864 2500 959 2588 saepe
978 2507 1041 2569 im·

87 2611 133 2672 tit
151 2609 331 2689 utriusque
343 2604 506 2668 nostrum.
551 2601 651 2665 Nunc
673 2611 784 2663 autem
801 2623 839 2664 ea
853 2602 917 2665 suit
931 2600 1041 2667 neces-

93 2717 245 2796 prcpter
266 2727 339 2767 eum
355 2717 485 2790 partem
502 2694 657 2790 epistolae
682 2713 775 2773 tuac,
797 2724 974 2788 perquam
989 2715 1042 2778 te,

87 2826 179 2872 rores
203 2817 283 2871 tuos
303 2804 387 2870 mihi
408 2817 590 2892 purgatoS,
615 2825 652 2865 ac
675 2805 837 2889 probatos
855 2802 920 2866 csse
939 2803 1042 2871 volui·

87 2913 215 2990 Atque
235 2913 272 2970 in
292 2908 351 2972 ista
365 2907 647 2972 incommoditate
670 2904 801 2967 alienati
818 2904 906 2968 illius
922 2911 1042 2982 animi,

87 3005 199 3078 least,
220 3006 303 3072 illud
326 3008 413 3072 inest
429 3021 542 3071 tairren
561 3005 751 3077 commodi,
779 3007 868 3093 qnod
892 3008 1042 3083 etmihi,

87 3113 191 3175 eteris
215 3115 331 3176 amicis
353 3114 422 3174 tnis
444 3120 526 3173 nota
547 3107 627 3182 suit,
664 3120 699 3171 et
721 3110 780 3173 abs
803 3122 838 3172 te
862 3107 1041 3193 aliquando

395 3280 666 3296 m

87 3363 247 3449 laterae]
290 3364 396 3450 Vulgo
414 3366 500 3426 addi·
557 3364 625 3426 satis
666 3364 795 3426 definire
831 3363 954 3447 possum
989 3369 1045 3432 ubi

87 3476 201 3525 inore,
223 3453 313 3532 quod
334 3473 430 3532 quum
452 3451 501 3511 hic
558 3467 645 3511 tuum
663 3449 822 3511 confilium
845 3470 875 3512 et
898 3455 1044 3518 sermonis

87 3557 117 3603 at
145 3554 176 3599 et
202 3536 293 3596 secile
320 3557 357 3594 ex
380 3554 501 3596 antece·
559 3556 798 3596 communicatio
822 3536 894 3596 mihi
911 3547 1044 3602 maxime

87 3668 89 3684 r
122 3622 337 3704 intelligatur,
360 3619 499 3684 Ernestio
558 3617 993 3699 defit,inpnb11canre,an
1012 3633 1046 3688 in

91 3731 132 3771 re
180 3710 324 3787 expunxi.
559 3703 674 3766 sorensi
691 3707 811 3778 labore,
836 3729 875 3767 en
892 3714 923 3768 in
939 3715 1047 3769 dome·

87 3798 190 3855 exime
214 3792 346 3865 deest-
368 3792 438 3867 quid
458 3794 505 3849 di·
560 3789 640 3850 sticis
654 3798 804 3873 negotiis3
829 3814 905 3875 ergo
917 3795 984 3871 poll
995 3797 1045 3852 de·

87 3883 93 3910 '
104 3914 150 3926 --
161 3880 194 3935 in
200 3878 354 3951 publicane
361 3874 409 3958 re]
419 3877 504 3935 Male
563 3876 604 3950 est
614 3875 727 3957 pausae
742 3880 867 3956 quidem
879 3879 1049 3938 breviuscu-

95 3966 187 4041 deest
211 3977 330 4042 puncto
350 3966 505 4044 distingui·
562 3961 611 4019 lae
628 3958 831 4043 fignnm,non
847 3965 938 4040 plena
953 3969 1047 4024 inter-

87 4053 179 4115 Nem
189 4049 304 4111 cicero
318 4044 505 4109 dicitzliaud
561 4056 691 4128 punctio
708 4052 906 4129 requiritur.¹
1007 4082 1009 4087 ·
