2506 4808
157 308 199 370 ,ι
451 276 735 347 epistota
779 272 934 345 civ.·

154 464 439 561 ¹perniciosisfimis
454 464 637 541 obsistitur,
660 470 808 528 maxime
823 463 988 528 Catonis:
1012 475 1078 534 cui
1093 483 1205 537 tamen

162 575 298 661 egregie
311 567 467 656 imposuit
482 567 569 632 Milo
585 567 708 632 noster.
754 565 839 630 'Nam
855 565 912 629 ille
929 570 1069 634 vindex
1089 573 1208 660 gladia·

162 688 299 745 torum,
321 683 355 734 et
379 668 613 735 bestiariorum
636 680 764 733 emerat
780 666 823 730 de
838 665 1035 743 Cosconio,
1061 686 1100 735 et
1115 673 1209 738 Pom·

162 781 267 863 ponio
287 768 483 852 bestiarios;
507 792 572 834 nec
592 767 658 835 sine
683 769 736 837 bis
753 774 890 833 armatis
906 791 1082 854 uniquam
1104 782 1142 840 in
1157 801 1210 864 pu·

165 875 258 941 blico
279 873 403 938 fuerat.
446 868 520 935 Hos
543 869 722 935 aserenon
747 882 894 958 poterat.
935 871 1063 955 ltaque
1080 883 1148 965 'rix
1171 891 1212 941 te

164 968 279 1042 r'iebat.
324 968 436 1038 Sensit
448 970 545 1036 Milo.
590 971 697 1037 Dedit
717 974 852 1037 cuidam
873 995 944 1036 non
966 973 1138 1041 familiari
1163 1001 1214 1043 ne·

166 1082 317 1166 gotium,
341 1081 398 1158 qui
415 1071 481 1137 sine
498 1072 680 1160 suspicione
696 1087 825 1138 emeret
840 1094 914 1137 eam
931 1073 1107 1140 familiam
1123 1084 1214 1147 aCa

167 1192 268 1257 tinie;
296 1196 380 1257 quae
397 1173 591 1258 simulatque
608 1175 753 1239 abducta
768 1173 834 1249 est,
851 1174 1024 1249 Raciliu3‚
1047 1187 1112 1263 qui
1126 1203 1213 1247 unus

170 1278 218 1343 est
234 1275 301 1340 hoc
325 1287 482 1360 tempore
504 1277 662 1341 tribunus
679 1274 807 1362 plebia,
830 1298 902 1339 rem
926 1279 1117 1363 patefecit,
1143 1304 1214 1346 eos·

171 1400 236 1462 que
254 1376 409 1439 homines
424 1373 479 1439 sibi
497 1391 630 1465 emptos
647 1375 710 1440 esse
720 1377 816 1450 dixit,
836 1375 895 1460 (sic
910 1384 1003 1441 enim
1018 1381 1214 1468 placuerat)

172 1492 207 1544 et
228 1477 376 1540 tabulam
396 1477 602 1564 proscripsit,
623 1477 654 1541 se
675 1477 833 1541 familiam
857 1478 1088 1544 Catonianam
1102 1484 1215 1548 vendi-

170 1594 298 1645 turum.
341 1579 380 1643 lii
400 1602 472 1643 eam
494 1579 640 1644 tabulam
659 1584 773 1665 magni
799 1577 881 1642 risus
900 1580 1213 1664 consequebantur.

163 1679 273 1761 ‚Hunc
295 1686 400 1768 igitur
413 1683 579 1747 Catonem
594 1679 759 1744 Lentulus
784 1703 802 1743 a
822 1679 955 1767 legibus
983 1692 1160 1759 removit,
1183 1700 1215 1750 et

175 1802 254 1856 eos,
290 1787 348 1867 qui
371 1780 415 1846 de
438 1781 576 1848 Caesare
599 1781 747 1847 monstra
768 1782 1056 1871 promulgarunt,
1090 1791 1213 1871 quibus

219 2179 661 2266 Catonis]C.Catonistrib.pl.
720 2142 723 2149 Ι
760 2202 831 2239 unus
849 2181 911 2264 est]
932 2202 999 2243 nou
1016 2186 1093 2264 quia
1112 2207 1151 2246 re
1166 2206 1216 2245 ve-

214 2273 266 2329 ille
276 2269 402 2352 vindex]
413 2289 526 2348 nempe
536 2268 570 2330 C.
581 2270 660 2327 Cato
716 2287 751 2326 ra
773 2288 871 2339 unua,
891 2267 943 2326 sed
961 2269 1050 2346 quod
1075 2275 1217 2333 unuriu-

171 2351 275 2438 legem
295 2363 327 2416 iti
348 2358 502 2414 Milouem
521 2352 662 2432 promul·
718 2366 764 2411 ter
786 2373 893 2411 omnes
910 2373 947 2410 eo
964 2351 1148 2435 magistratu
1169 2357 1217 2427 di-

172 2456 317 2522 gaveret,
337 2440 464 2520 quodie
484 2437 663 2519 gladiatori·
719 2458 796 2518 gnus
821 2434 904 2496 esset.
947 2438 1099 2498 Similiter
1113 2441 1215 2502 loeu-

172 2523 230 2586 bua
254 2543 284 2586 et
302 2523 446 2585 beslleriir
467 2542 576 2585 contra
595 2542 662 2582 rem
719 2538 767 2582 tus
781 2520 825 2582 est
838 2527 870 2582 in
884 2519 1012 2602 epistola
1032 2524 1074 2582 ad
1092 2526 1136 2587 Μ.
1155 2526 1215 2586 Ca·

171 2610 259 2690 publ.
275 2608 344 2670 usur
361 2606 444 2668 esset.
487 2608 661 2687 ltaquetii·
719 2625 845 2667 todem:
867 2610 933 2684 etji
949 2608 978 2662 i'n
995 2609 1213 2685 ciuitatem!-

173 2715 246 2756 cero
265 2699 323 2763 eit,
345 2694 451 2764 illum,
472 2698 527 2772 qui
542 2691 571 2752 se
582 2692 663 2752 ulto·
719 2697 745 2750 ti
771 2688 897 2750 Catones
932 2693 1038 2766 essent,
1080 2697 1113 2750 iri
1152 2718 1214 2776 qua

170 2800 238 2841 rem
265 2795 296 2838 et
318 2780 470 2836 vindicem
493 2775 581 2837 huius
606 2785 662 2837 cri·
719 2799 806 2835 uuum
820 2778 913 2852 futffe
930 2780 1064 2835 inirabi'le
1081 2782 1134 2855 est.
1181 2781 1216 2841 ln

171 2868 261 2924 mitiis
283 2859 436 2941 professus
455 2858 545 2934 esset,
564 2863 662 2943 ipsum
718 2884 834 2944 magno
860 2867 940 2921 enim
967 2864 1127 2923 Catonum
1158 2885 1215 2924 nu·

172 2963 278 3008 tamen
293 2952 386 3006 etiam
403 2944 560 3009 bestiarios
577 2947 663 3008 einis·
718 2969 806 3006 mero
827 2947 1011 3030 singularem
1029 2951 1145 3008 virtute
1169 2951 1216 3010 se-

170 3030 212 3093 se.
272 3033 322 3091 Sic
352 3037 433 3092 enim
464 3033 583 3112 placet,
628 3047 664 3092 ut
705 3033 1003 3106 ,citblCatonem
1046 3029 1172 3093 Manat.

172 3117 283 3176 vindex
307 3115 337 3180 h.
359 3117 379 3176 Ι.
405 3118 490 3178 ultor
512 3116 564 3191 sat,
596 3115 614 3178 s.
637 3121 663 3176 it
761 3116 1217 3201 tobusumproscripsst]inpu·

171 3205 226 3283 qui
249 3196 440 3283 aliquemed
461 3225 597 3284 poenam
618 3202 665 3262 su·
720 3199 803 3262 blico
831 3202 950 3277 posuit,
987 3222 1085 3280 quum
1114 3209 1148 3265 iri
1177 3225 1216 3264 ea

172 3290 286 3348 cineris
327 3286 519 3349 subeundam
552 3303 662 3361 vocet;
719 3284 876 3365 scripsisset
898 3285 999 3346 servos
1020 3285 1082 3346 sese
1106 3290 1215 3349 vendi·

171 3391 238 3433 nori
260 3375 348 3453 quod
377 3377 519 3435 Munatio
549 3371 661 3442 visum,
720 3387 822 3430 turiim
840 3373 874 3431 C.
890 3373 1034 3441 Catonis,
1060 3376 1153 3452 quod
1171 3375 1217 3434 illi

161 3471 207 3535 ¹ut
223 3457 333 3517 vindex
348 3458 379 3518 li.
394 3460 414 3518 l.
431 3457 466 3519 sit
482 3465 500 3517 i.
517 3480 548 3541 q.
572 3452 663 3515 esser·
716 3456 869 3516 dedecori
908 3454 969 3515 esse
1006 3456 1214 3542 intelligebat.

171 3552 241 3615 tor',
267 3549 320 3624 qui
344 3545 532 3626 gladiatores
555 3557 585 3599 et
610 3538 662 3599 be·
720 3537 842 3600 Manat.

170 3622 307 3705 sisariae,
331 3652 347 3688 a
372 3630 495 3690 Milone
521 3623 606 3706 quasi
629 3629 663 3686 in
761 3627 810 3702 qui
847 3629 884 3683 de
916 3623 1040 3702 Caesare
1078 3633 1217 3708 monstra

170 3711 347 3774 libertatem
364 3711 510 3774 assereret
531 3726 584 3770 aut
599 3714 662 3771 vin·
718 3710 969 3795 proiiwlgaiunt]
1010 3715 1029 3771 i.
1060 3734 1088 3774 e.
1127 3715 1158 3777 le
1181 3741 1216 3781 ea

171 3797 302 3861 dicaret.
719 3794 922 3867 monstrosas,
954 3795 1065 3876 quibui
1089 3741 1218 3873 Caesari

214 3887 269 3942 vix
297 3879 433 3962 tenebat]
466 3900 532 3960 quo
560 3885 661 3941 minus
718 3882 823 3942 lerunt
843 3903 891 3941 ret
908 3877 1053 3941 absurdas
1079 3899 1110 3942 et
1131 3893 1216 3966 peri.

169 3967 269 4049 ipsum
295 3967 489 4037 desererent,
521 3981 553 4026 et
574 3968 663 4041 aufu-
720 3958 839 4028 culosa's
854 3970 899 4027 rei
911 3967 1065 4049 publicae.
1082 3964 1215 4051 Ernesti.

170 4068 291 4137 gerent.
