2506 4808
340 319 621 391 aristoni
664 320 811 387 auur.
1027 347 1091 425 5⁰2,

57 516 101 579 lia
122 518 261 576 nitatur.
307 509 440 598 Quibus
465 506 578 575 finon
602 507 763 579 valuerit,
796 521 916 594 putant
940 513 1013 585 fore
1036 515 1091 591 3115

59 637 178 697 quem,
221 617 277 693 qui
307 615 445 676 comitia
465 615 508 675 ‚in
534 610 719 674 adventum
744 609 892 683 Caesaris
913 614 1091 699 detrudat,

58 718 189 782 Catone
205 710 399 799 praesertim
423 709 584 777 abloluto.
1081 796 1085 801 ·

156 813 212 877 Ab
228 812 364 904 *Quinto
387 813 512 884 fratre,
534 823 569 879 et
591 832 609 874 a
632 812 773 879 Caesare
794 819 907 900 accepi
930 836 959 879 a.
983 815 1016 877 d.
1040 824 1116 899 1153

56 916 192 980 kalend.
215 913 382 980 Novemb.
405 912 538 987 literae,
569 913 725 978 coniecta
746 913 936 990 Britannia,
971 914 1088 999 oblidi-

57 1020 122 1081 bus
147 1022 314 1102 acceptiS,
337 1014 427 1079 nulla
447 1013 590 1114 praeda,
608 1019 772 1102 imperata
791 1031 904 1081 tamen
926 1023 1087 1103 pecunia²

57 1121 150 1182 datas
174 1140 191 1180 a
211 1117 383 1181 littoribus
407 1114 599 1178 Britanniae
623 1136 650 1176 a.
680 1116 712 1177 d.
734 1135 773 1182 v1
799 1117 934 1182 kalend.
958 1116 1084 1184 Octob.

56 1223 254 1284 Exercitum
276 1216 450 1285 Britannia
472 1218 701 1306 reportabant.
743 1218 786 1302 Q.
805 1218 908 1285 Pilius
924 1230 998 1289 erat
1016 1224 1085 1287 tam

56 1320 98 1382 ad
120 1318 293 1384 Caesarem
314 1319 505 1405 profectus.

158 1414 236 1492 Tu,
259 1415 279 1481 si
300 1433 355 1484 aut
370 1441 464 1485 amor
483 1427 519 1485 in
541 1431 575 1483 te
595 1416 641 1483 est
655 1418 780 1494 nostri,
797 1441 835 1484 ae
849 1433 1007 1494 tuorum,
1026 1431 1114 1509 auti

56 1519 122 1584 ulla
136 1526 280 1595 veritas,
304 1534 362 1585 aut
384 1520 525 1587 stetiam
545 1521 651 1609 sapis,
673 1542 710 1584 ac
726 1522 793 1587 frui
809 1527 878 1589 tuis
893 1523 1082 1604 commodis
1184 1544 1187 1549 ·

52 1889 112 1959 lia,
137 1908 230 1967 quam
250 1881 463 1963 proconsulari
485 1888 542 1943 im·
595 1885 766 1945 admodum
819 1889 903 1947 venit
949 1889 1084 1950 triennio

53 1978 144 2054 perio
174 1971 313 2053 regebat.
359 1970 393 2028 ln
420 1990 455 2028 ea
486 1973 539 2050 qui
596 1968 685 2050 post,
708 1987 741 2030 ut
757 1971 802 2031 M.
820 1975 964 2043 Antonii,
987 1992 1083 2052 quae·

55 2053 540 2124 etvesuomanierant‚t1aesa-
595 2054 681 2114 storia
698 2053 758 2121 sui,
779 2057 1012 2119 commendator
1029 2077 1083 2118 co·
1157 2073 1159 2078 ’

53 2149 95 2202 rii
121 2141 207 2202 causa
232 2139 285 2198 sibi
309 2139 449 2199 fauturos
480 2136 541 2200 esse
595 2139 704 2211 Ioniis,
739 2156 770 2199 et
790 2145 964 2221 municipiis
986 2139 1083 2215 sacer?

53 2229 222 2288 Memmius
248 2223 332 2283 baud
358 2221 422 2283 line
453 2223 540 2290 causa
597 2226 675 2291 dorii
705 2230 889 2307 petitionem
921 2225 973 2286 lib.
1000 2226 1082 2289 VIII.

53 2310 208 2392 sperabat.
271 2309 412 2388 Ideoque
449 2307 539 2388 supra
596 2311 636 2369 de
655 2309 842 2369 Buteoni:
886 2306 1006 2379 Manat.
1062 2306 1080 2331 ’·

54 2418 106 2477 ep.
132 2415 198 2474 142.
228 2397 254 2469 §.
272 2408 322 2465 52·
353 2396 469 2452 dixerat
489 2395 540 2452 Ci-
642 2390 755 2452 Catone
776 2397 950 2471 praesertin
973 2397 1082 2471 absolue

56 2502 154 2542 cero:
197 2476 376 2536 Memmium
408 2474 541 2554 Caesaris
597 2479 650 2562 τό]
677 2479 808 2540 Tribuni
832 2478 931 2560 plebis
954 2484 1016 2540 iam
1036 2485 1082 2555 nl&

57 2586 156 2625 cinnes
172 2585 240 2640 opes
261 2561 443 2634 confirment.
597 2563 640 2629 bil
655 2585 720 2627 non
735 2566 911 2637 audebunt,
935 2587 1030 2646 quum
1045 2567 1082 2629 G.

91 2654 122 2727 si
145 2674 202 2709 non
226 2647 377 2730 valuerit]
399 2645 421 2706 sr
442 2648 542 2706 Mem·
598 2653 769 2720 Catonem,
792 2655 846 2731 qui
863 2651 936 2733 triliil
950 2671 1016 2715 uon
1030 2671 1085 2719 aar

54 2741 136 2796 rosus
175 2735 326 2816 intelliget
373 2732 449 2792 haec
486 2728 542 2791 fibi
597 2734 644 2793 sua
676 2751 742 2792 erat
772 2739 804 2796 in
833 2736 1009 2810 tribunatu,
1042 2732 1085 2818 uiss

56 2823 96 2880 ad
123 2819 312 2881 'consulatum
338 2817 543 2878 obtinendum
600 2819 693 2878 deant
708 2817 892 2881 absolutum.
936 2821 1084 2903 Velpro-

55 2907 140 2966 haud
169 2904 237 2964 satis
267 2900 345 2974 elle,
384 2906 541 2963 tribunum
598 2908 666 2982 pria
682 2905 722 2961 de
735 2908 865 2964 comitiis
881 2907 1086 2984 impediendis

54 2991 98 3071 pl.
129 2989 262 3069 aliquem
292 2991 441 3057 inveniet,
488 2990 543 3066 qui
599 2989 748 3069 intelligo.
791 2989 892 3046 Facile
923 2996 1021 3063 enim,
1050 3007 1086 3051 ut

56 3073 345 3136 obnuntiationibus
383 3068 543 3150 interposi·
598 3075 631 3131 id
653 3075 781 3143 iaciant,
821 3076 1086 3136 adducenturtri-

55 3165 93 3219 tis
106 3163 229 3219 comitia
244 3161 273 3215 in
289 3157 453 3215 adventurn
467 3158 544 3215 Cae·
600 3158 675 3215 buni
703 3159 745 3236 pl.
774 3178 869 3237 quum
896 3161 995 3226 Cato,
1032 3165 1087 3240 qui

56 3245 127 3306 saria
158 3243 313 3303 detrudat.
356 3244 406 3301 Sic
435 3241 476 3299 ad
501 3242 542 3320 Q.
596 3239 1087 3321 ‚tribunusplbiennioanteco·

54 3332 104 3391 Fr.
128 3351 178 3410 ep.
192 3350 221 3390 2.
243 3327 296 3386 lib.
313 3326 366 3384 lll.
388 3325 473 3402 (ltui.
493 3326 543 3385 ed.
599 3332 682 3385 utilia
714 3332 744 3386 in
766 3349 879 3393 annum
906 3327 1088 3410 sequentem

10 3402 11 3418 ¹
56 3438 106 3494 ep.
134 3416 224 3492 ¹5¹·)
266 3413 392 3486 confides
423 3412 545 3467 comitia
600 3409 780 3483 detruserat,
795 3409 829 3473 stt
845 3411 1011 3474 absolutus.
1035 3416 1087 3488 Ad

56 3503 163 3558 habere
188 3499 323 3573 cupiunt,
357 3498 402 3553 rei
424 3501 543 3566 nolunt,
602 3500 642 3576 Q
657 3498 704 3558 Fr.
721 3519 771 3576 ep.
786 3513 814 3570 5.
832 3496 884 3556 lib.
901 3519 929 3560 2.
946 3499 1086 3578 (hobed.

57 3587 239 3642 &maxime
261 3579 441 3653 Mammas,
469 3583 545 3657 quod
601 3604 653 3660 ep.
675 3588 763 3654 103.)
806 3578 927 3644 Manui.
1010 3624 1013 3631 ,
1066 3577 1068 3582 ’

61 3664 194 3741 Caesaris
223 3671 352 3726 adventu
378 3667 484 3742 sperat
510 3666 545 3740 fe
636 3680 673 3739 -5,
701 3669 785 3723 datas
815 3690 835 3725 a
863 3668 998 3724 litoribus
1020 3652 1088 3731 Bri-

48 3749 191 3825 futurum
224 3755 376 3828 consulem.
420 3753 543 3811 Adven·
600 3751 743 3834 tanariae]
764 3753 867 3831 Vulgo
885 3752 1091 3828 addituram·

58 3851 246 3899 tornantem
270 3836 406 3897 Caesaris
429 3840 460 3895 in
484 3836 544 3894 lta·
601 3840 701 3912 ximo,
723 3838 811 3915 quod
834 3857 930 3915 quum
953 3837 1001 3904 hie
1024 3837 1092 3911 seg·

16 3956 18 3961 .
56 3920 545 4002 liamintelligit(namliornaa1
601 3918 882 3999 lurppornniodum
901 3923 1092 3989 uon‘admit·
1204 3985 1207 3990 .

56 4006 178 4087 ingredi
206 4005 373 4083 proconsul
396 4026 465 4078 euni
489 4008 547 4069 im·
604 4020 667 4075 tat,
707 4021 738 4065 et
761 4007 1091 4082 ordinem-verborum

56 4094 148 4173 perio
169 4109 236 4150 non
261 4091 408 4168 poterat)
439 4108 546 4169 quem·
603 4087 726 4163 turbet,
756 4093 960 4186 expunxi-vi
996 4150 1001 4161 ,
