2506 4808
383 303 685 383 'EPISTULA
725 307 801 375 ·C.'
1059 315 1100 380 δι

69 506 105 557 re
114 489 294 568 oblectes,
315 489 399 558 scire
423 499 541 582 cupio·‚
561 502 775 579 maximeque
799 494 960 584 teipsum
982 497 1100 565 videre

70 615 169 677 quam
185 600 345 680 primum.
374 595 483 667 Cura,
505 600 550 659 mi
568 595 694 670 frater,
715 610 753 661 ut
768 597 890 661 valeas.
923 599 967 663 Et
988 621 1100 683 quam·

69 716 168 780 quam
184 695 232 760 est
246 694 375 772 hiems,
397 708 509 761 tamen
521 695 712 763 Sardiniam
725 696 821 762 istam
837 698 901 764 esse
916 707 1057 788 cogites.

65 890 353 965 EPtSTOLA
378 891 429 961 ,C.
478 887 648 1080 (Eulgo
681 915 795 992 pars
824 895 943 989 ap.5.
968 888 1098 971 lib.L

72 1029 76 1035 ·
477 1030 498 1080 a
568 1008 698 1098 Div.)
1090 1020 1094 1029 '

257 1175 322 1238 Ser.
341 1175 379 1236 A.
393 1173 432 1236 U.
449 1174 484 1238 C.
503 1174 574 1257 697.
596 1172 698 1242 mense
719 1171 904 1238 Februario.

66 1321 205 1405 Exponit
226 1347 305 1410 quac
323 1327 353 1384 a'n
370 1328 454 1403 causa
468 1330 555 1406 regia
572 1321 643 1398 fore
656 1326 715 1403 fiet
727 1328 903 1397 vicennium
923 1326 977 1384 isla
992 1344 1098 1406 nempe

108 1453 127 1489 a
143 1425 283 1504 Pompeio
298 1426 372 1500 fera
395 1429 548 1505 depastio,
559 1426 717 1501 futurum,
740 1440 773 1487 ut
794 1451 851 1489 rex
870 1430 912 1488 ad
939 1424 1097 1491 Lentulum

104 1526 312 1608 proficiscatur
327 1535 363 1589 ab
380 1550 474 1614 eoque
491 1531 606 1607 restitui
621 1531 731 1605 cupiat.

66 1712 172 1783 ΜΤ.
189 1710 398 1780 CICERO
415 1709 554 1780 S.D.P.
576 1708 843 1780 LENTULO
858 1707 1094 1784 Pnocos.
1179 1771 1183 1786 ,

173 1865 240 1931 Hic
258 1885 342 1949 quae
366 1875 524 1951 agantur,
544 1884 694 1946 quaeque
713 1877 786 1929 acta
811 1863 891 1938 sint,
918 1886 956 1931 ea
976 1878 1027 1940 te,
1055 1879 1090 1932 et

61 1958 169 2036 literis
186 1963 391 2038 multorum,
414 1977 448 2028 et
464 1969 589 2028 nuntiis
607 1965 807 2052 cognoscere
822 1968 986 2034 arbitror:
1005 1990 1089 2052 qnae

62 2083 174 2136 autem
193 2066 297 2156 posita
318 2067 391 2131 sunt
412 2072 448 2132 in
468 2069 681 2140 coniectura,
700 2088 850 2151 quaeque
869 2069 953 2132 mihi
976 2067 1089 2156 viden·

59 2171 223 2244 tursum,
245 2191 281 2232 ea
297 2180 380 2256 puto
396 2169 458 2231 tibi
474 2187 492 2228 a
507 2186 560 2227 me
577 2162 673 2230 scribi
689 2178 859 2256 oportere.

161 2269 377 2355 Posteaquam
393 2266 574 2354 Pompeius
591 2278 625 2329 et
639 2269 726 2355 apud
740 2268 902 2357 populum
924 2292 953 2334 a.
970 2269 1003 2334 d.
1023 2284 1117 2346 nx'2

57 2373 140 2440 Idus
156 2371 255 2436 Febr.
280 2393 384 2454 quum
408 2389 470 2455 pro
486 2365 616 2431 Milone
635 2367 783 2444 diceret,
805 2369 952 2436 clamore
975 2380 1088 2440 conti*

58 2483 179 2559 cioque
199 2480 341 2538 iactatus
367 2469 432 2543 est,
453 2475 489 2532 in
511 2467 689 2552 senatuque
711 2491 730 2532 a
749 2469 879 2535 Catone
899 2467 1029 2560 aspere,
1049 2484 1087 2538 'et

59 2581 179 2641 acerbe
196 2579 355 2645 nimium,
375 2592 497 2736 malque
516 2567 644 2649 silentio
661 2569 706 2634 est
722 2570 909 2637 accusatus:
926 2573 1017 2641 vvisua
1040 2574 1088 2645 est

438 2671 451 2735 s

57 2677 141 2741 mihi
159 2674 379 2741 vehementer
404 2667 421 2736 e
451 2674 712 2759 epertnrbatus.
755 2674 870 2758 Itaque
885 2669 1087 2742 Alexandri·

54 2801 99 2844 na
119 2776 227 2849 causa,
247 2797 330 2859 cquae
356 2776 455 2838 nobis
481 2771 591 2836 adhuc
611 2779 744 2862 integra
766 2772 833 2849 est,
860 2774 970 2858 (nihil
994 2783 1084 2842 enim

55 2885 118 2946 tibi
144 2879 293 2942 detraxit
319 2875 468 2948 senatus,
490 2873 548 2939 nisr
573 2874 627 2947 id,
649 2876 738 2958 quod
761 2897 823 2963 per
844 2876 986 2942 eandem
1010 2878 1085 2944 resi·

56 2989 192 3070 gionem
214 2980 287 3042 <sari
309 2977 405 3042 alteri
426 3001 496 3042 non
517 2974 645 3064 potest)
676 2977 810 3044 videtur
836 2981 877 3042 ab
904 2979 963 3044 illo
984 2980 1084 3067 plane

57 3082 120 3148 esse
144 3080 299 3170 deposita.
344 3079 442 3144 Nunc
466 3081 500 3143 id
517 3077 705 3165 speramur,
725 3080 828 3165 idque
849 3080 1027 3156 molimur,
1046 3094 1086 3151 ut

54 3207 117 3256 rex
138 3206 240 3269 quum
265 3179 448 3268 intelligat,
488 3177 550 3244 sese
570 3178 623 3252 id,
664 3181 754 3263 quod
782 3182 970 3269 cogitabat,
1006 3193 1044 3247 ut
1065 3205 1093 3273 a,

53 3286 215 3379 Pompeio
233 3284 432 3356 reducatur,
454 3278 577 3365 assequi
594 3302 665 3345 non
685 3279 793 3370 posse,
816 3295 867 3357 et,
888 3278 947 3351 nisi
963 3304 1027 3368 per
1048 3295 1085 3359 te

432 3504 702 3522 ψ

95 3648 293 3733 Sardiniam]
345 3652 537 3728 provinciam
594 3649 637 3729 (t
654 3665 684 3725 5.
707 3648 745 3710 ad
762 3647 854 3725 Diu.)
880 3648 965 3709 ruint
987 3648 1084 3732 vulgo

48 3744 152 3823 groeci
182 3736 271 3797 caelo
302 3731 415 3795 aestate
446 3753 539 3815 prae·
593 3736 759 3798 clausulam
772 3731 923 3809 sociabat,
941 3733 1090 3805 seiunxita

46 3825 166 3886 lentim.
531 3860 546 3871 ·-
594 3823 682 3901 quod
712 3820 887 3882 sarciendam
922 3816 983 3878 esse
1020 3826 1082 3881 ium

91 3906 183 3989 epist.
194 3907 229 3967 C.
253 3926 278 3967 ι.
289 3900 346 3960 Hic
359 3925 431 3981 quae
443 3924 535 3981 agan·
591 3905 752 3968 Manutius
767 3904 935 3966 censuerat.
962 3901 1082 3968 EtMss'.

47 3991 117 4078 rur]
151 3994 247 4052 Recte
271 3989 535 4074 Martyni·Lagu·
591 3989 667 4052 eut
689 4005 720 4051 et
740 3991 944 4071 Gruteriunur
965 4008 1082 4055 novem

45 4085 181 4143 munna
193 4073 354 4158 epistolam
371 4073 410 4136 ab
422 4073 542 4187 aqi-96«
589 4071 639 4137 hic
651 4072 812 4157 epistolam
828 4074 1000 4143 ordinatur.
1019 4120 1022 4125 -
1041 4154 1044 4161 Ι
