2506 4808
179 339 245 414 aa
429 319 725 393 rrrsroca
762 319 960 393 cxx1v:

81 540 87 553 ·
180 535 267 602 quae
290 535 345 580 me
366 512 468 600 digna
488 517 636 600 putaris,
664 506 831 575 cotnrisse.
875 507 1079 577 Scdvelim
1098 527 1220 583 mancat

179 613 401 705 Damasippus
418 621 450 679 in
471 613 644 678 sententia.
666 610 806 677 Prorsus
824 617 913 676 enim
929 633 974 676 ex
992 614 1071 680 istis
1090 621 1221 706 emptio

178 721 280 789 nibus
302 715 428 783 nullam
452 712 616 779 desdero.
681 711 739 779 Tu
760 724 873 779 autern
901 716 1051 803 ignarus
1085 716 1220 784 instituti
1250 742 1252 765 ¹

179 824 265 893 mei,
286 823 403 904 quanti
427 837 489 904 ego
505 834 611 904 genus
631 820 770 880 omnino
791 812 958 897 signorum
976 821 1146 882 omnium
1161 840 1219 885 nan

178 920 335 996 aestimo,
356 924 440 984 tanti
454 915 513 982 ista
527 929 688 1000 quatuor,
707 930 764 982 aut
780 922 927 1001 quinque
942 916 1130 1007 sumpsisti.
1152 919 1219 987 Bac

180 1022 263 1093 chas
286 1022 362 1089 istas
378 1042 456 1087 cunr
472 1015 575 1085 atufis
593 1015 725 1083 Metelli
740 1039 931 1106 comparas.
978 1017 1081 1110 Quid
1100 1019 1218 1089 simile?

177 1133 347 1216 primum,
385 1118 471 1207 ipsas
495 1139 556 1206 ego
576 1116 689 1185 Musas
711 1139 894 1203 numquam
921 1126 1011 1185 tanti
1041 1120 1217 1209 putassem:

179 1241 279 1312 atque
297 1226 334 1293 id
351 1219 497 1290 fecissem
510 1216 614 1284 Musis
629 1223 787 1286 omnibus
812 1223 1106 1308 approbantibus.
1155 1221 1216 1293 Sed

178 1341 294 1397 tamen
311 1335 382 1391 erat
398 1333 510 1407 aptum
530 1318 763 1395 bibliothecae,
785 1320 973 1407 studiisque
990 1322 1129 1391 nostris
1150 1347 1217 1391 coa

178 1448 317 1523 gruans.
360 1420 504 1488 Bacchis
522 1442 602 1486 vero
617 1423 675 1487 ubi
695 1421 742 1487 est
758 1422 844 1511 apud
861 1445 915 1487 mc
936 1420 1068 1488 locus?
1092 1424 1146 1492 At
1156 1425 1216 1517 pul·

178 1526 308 1596 challac
328 1525 414 1592 sunt.
460 1521 548 1589 Novi
571 1528 716 1612 optime,
747 1535 780 1586 et
807 1522 902 1612 saepe
930 1524 1012 1590 vidi.
1062 1525 1216 1595 Nomina

160 1636 241 1697 -tim
255 1631 318 1693 ttbi
339 1625 429 1716 signa
450 1623 533 1690 mihi
549 1637 631 1689 nota
646 1620 910 1696 mandassem‚·s1
925 1625 1141 1712 probassem.
1178 1630 1217 1694 Er

178 1736 269 1799 cuim
292 1728 380 1819 signa
404 1752 468 1818 ego
495 1747 608 1791 emere
632 1723 741 1798 soleo,
782 1746 866 1808 quae
891 1724 934 1789 ad
963 1724 1216 1796 similitudinem

177 1828 426 1929 gymnafiorum
446 1840 614 1895 exornent
629 1825 712 1893 mihi
730 1832 765 1891 in
779 1823 939 1912 palaestra
953 1826 1091 1894 locum.
1136 1831 1215 1898 Mar·

176 1942 220 2002 tis
245 1955 327 2003 vero
350 1930 478 2022 signum
502 1952 569 2015 quo
593 1927 675 1994 mihi
695 1933 787 2016 pacis
804 1924 956 1992 auctori?
979 1927 1135 1999 Gaudeo
1154 1933 1214 2001 nul·

175 2036 247 2104 lum
263 2035 403 2106 Saturni
427 2031 555 2122 signum
572 2029 677 2097 fuisse.
720 2030 812 2093 Haec
837 2031 928 2093 enirn
952 2027 1022 2094 duo
1047 2027 1146 2123 signa
1166 2058 1216 2122 pu

175 2148 287 2204 tarem
316 2133 399 2201 mihi
422 2155 479 2203 aes
511 2132 655 2199 alienum
684 2128 837 2197 attulisse.
879 2128 1053 2196 Mercurii
1085 2134 1215 2201 mallem

561 2389 831 2420 ἡ.

217 2589 290 2646 quae
322 2585 369 2643 mc
399 2568 492 2642 digna
523 2563 662 2648 putaris]
719 2565 806 2625 civile
821 2568 971 2640 oriretur3
1003 2564 1216 2653 bancepisso·

172 2652 305 2715 Minimo
324 2671 404 2731 opus
422 2649 482 2721 esi,
507 2649 595 2728 quod
610 2651 663 2709 Er·
718 2648 872 2729 lampasi
895 2651 1031 2712 reditum
1055 2657 1215 2719 Ciceronis

172 2734 270 2799 nassio
294 2740 472 2796 sumentem
490 2740 588 2804 venit,
615 2756 663 2795 re-
719 2735 845 2796 ebello
870 2736 948 2795 civili
976 2736 1133 2819 scriptam
1161 2739 1214 2804 essa

171 2841 310 2903 ponere,
333 2841 389 2878 non
411 2841 487 2900 qaae
503 2841 549 2877 me
570 2823 663 2899 digna
720 2836 885 2899 oportea13
909 2819 961 2881 scd
983 2824 1098 2901 potest
1128 2834 1215 2889 ctiam

171 2909 297 2982 putaris.
342 2902 402 2964 Etsi
439 2910 519 2964 enim
548 2907 659 2967 Cicero
719 2907 830 2966 Cicero
868 2905 899 2965 so
930 2913 1016 2985 pacis
1053 2927 1214 2976 auctorem

169 2991 220 3055 issa
242 2988 324 3074 signa
341 2987 393 3049 fibi
411 2989 535 3071 plaeere
550 3007 660 3073 negat,
716 2995 903 3060 nominare,
950 2994 1043 3071 quod
1082 2994 1214 3059 suaserat

172 3077 281 3138 Gassur
303 3091 407 3135 tamen
432 3075 484 3136 iiia
506 3077 661 3137 Cicerone
717 3076 920 3136 concordiam
955 3081 1039 3137 inter
1088 3084 1214 3145 ordiam

170 3162 264 3246 digna
279 3157 339 3221 ess'e
355 3177 466 3240 putare
481 3176 617 3239 poterat.
716 3158 902 3221 senatorium
946 3176 978 3220 et
1017 3165 1215 3244 equestrem

215 3242 437 3329 Damasippus]
482 3244 659 3326 scripserat,
717 3247 806 3326 qriod
826 3242 848 3304 fi
870 3242 987 3319 sumna,
1015 3249 1099 3311 nihii
1119 3256 1215 3331 impo-

169 3339 304 3413 apinor,
343 3331 450 3391 Gallus
482 3347 659 3411 empturum
718 3333 780 3400 dit.
804 3334 983 3406 quominus
1001 3329 1085 3394 baec
1103 3337 1214 3419 episto·

168 3437 206 3483 ea
221 3415 303 3500 signa
315 3414 553 3496 Damasippum,
573 3413 660 3476 fici·
716 3416 745 3476 la
762 3420 796 3475 A.
812 3416 848 3474 U.
871 3415 906 3474 C.
927 3418 999 3494 698·
1024 3416 1144 3501 scripta
1166 3420 1213 3494 sit,

169 3506 276 3564 aaroni
292 3502 535 3582 conplaccrcnt.
548 3501 658 3560 Horat.
717 3521 814 3580 quum
847 3501 957 3560 Cicero
999 3522 1039 3561 ex
1068 3511 1214 3589 Arpinati

72 3621 74 3625 ⁷
167 3585 220 3651 lib.
237 3586 275 3650 ll.
300 3589 363 3647 Sat·
380 3593 407 3651 5.
431 3608 457 3650 v.
479 3595 528 3664 64.
553 3586 660 3660 insanit
716 3585 851 3646 Romam
870 3580 1015 3646 rediisset.

167 3684 282 3732 veteres
309 3673 426 3747 statuar
458 3666 659 3749 Damasippus
758 3672 828 3727 haec
848 3672 925 3728 enim
947 3673 1004 3727 duo
1028 3670 1149 3760 signa]
1177 3673 1212 3737 sc.

166 3762 302 3827 ernaudo.
716 3759 789 3835 quia
809 3753 877 3815 sunt
896 3752 978 3836 signa
1000 3758 1143 3822 deorum
1164 3766 1212 3822 tri·

208 3844 290 3919 pacis
311 3838 451 3922 auctori]
469 3841 500 3898 Si
523 3838 564 3898 de
580 3858 659 3918 paco
715 3837 824 3911 stium,
844 3860 903 3899 nec
918 3842 993 3899 boni
1012 3849 1144 3908 ominir.

165 3931 247 3994 inter
274 3928 459 4005 Pompeium
489 3939 520 3984 et
549 3922 630 3985 Caes
646 3956 660 3973 ·
758 3921 927 4006 Mercurii]
966 3926 1092 4002 iocose,
1143 3935 1212 4013 quia

166 4011 418 4093 remiataliigas,
445 4014 530 4073 cuius
549 4025 660 4072 auctor
714 4011 888 4071 Mercurius
906 4019 981 4069 daus
998 4008 1043 4072 est
1059 4033 1211 4076 mercatu·

167 4098 280 4160 Cicero
311 4095 430 4168 suerat,
474 4094 659 4156 nobellum
713 4116 779 4171 m,
803 4101 856 4169 ait,
873 4092 989 4157 sitnia
1000 4093 1091 4182 signa
1106 4119 1212 4187 crupta
