2506 4808
334 312 614 382 rrrsrona
657 316 848 389 cxxxi.
1036 337 1106 416 ia,

183 499 280 590 Quae
296 498 357 567 fint
373 515 463 578 acta,
485 523 634 588 quaeque
649 518 810 593 agantur,
835 507 1132 585 domesticorum

73 600 136 664 tibi
156 599 265 665 literis
289 601 452 667 declarari
477 616 570 692 puto.
613 605 669 671 De
689 630 744 673 me
773 605 815 671 sic
841 609 1029 687 existimes,
1062 635 1101 681 ac

63 704 135 766 ribi
158 701 359 789 persuadeas
376 702 598 771 vehementer
618 706 829 783 velim,·non
851 731 905 774 me
924 720 1101 799 repentina

71 804 181 888 aliqua
196 802 388 881 voluntate,
410 819 467 871 aut
484 808 644 879 fortuitu,
668 807 710 869 ad
731 819 825 872 tuam
841 811 1100 899 amplitudinem

69 910 157 968 meis
173 902 295 970 officiis
318 907 585 995 amplectendam
608 907 775 972 incidisse:
796 909 870 984 sed,
889 925 928 975 ut
950 921 1100 1004 primum

68 1007 184 1071 sorum
212 1012 397 1094 attigerim,
436 1006 591 1096 spectasse
625 1006 771 1094 semper,
808 1023 847 1076 ut
881 1014 944 1078 tihi
970 1015 1098 1103 possem
1162 1062 1164 1066 -

68 1128 168 1192 quam
191 1113 337 1173 maxime
357 1107 419 1173 esse
443 1114 656 1173 coniunctus.
699 1107 778 1198 Quo
800 1112 937 1194 quidem
952 1137 994 1181 ex
1014 1130 1098 1185 tem·

65 1233 153 1300 pore
168 1216 345 1276 memoria¹
355 1224 473 1285 teneo,
494 1203 604 1293 neque
623 1231 733 1274 meam
756 1215 818 1276 tibi
835 1213 1096 1295 observantiam,

66 1334 177 1395 neque
199 1312 280 1377 mihi
299 1325 390 1377 tuam
412 1310 575 1375 summam
594 1311 874 1389 benivolentiam,
896 1337 934 1382 ac
950 1318 1096 1387 liberali.

64 1428 173 1479 tatem
199 1414 349 1479 desuiss.
410 1411 449 1478 Si
478 1432 561 1495 quae
589 1412 802 1487 inciderunt,
843 1439 914 1482 non
941 1431 1010 1484 tam
1036 1442 1093 1498 re,

65 1538 165 1600 quam
186 1514 370 1603 suspicione
390 1512 529 1578 violata:
563 1532 601 1576 ea
624 1533 725 1595 quum
748 1513 878 1582 fuerint
904 1530 938 1583 et
957 1521 1035 1586 fassa
1058 1535 1093 1588 et
1202 1544 1204 1551 ·

64 1623 194 1690 inania,
217 1615 279 1682 sint
300 1613 407 1681 evulso
431 1634 473 1677 ex
495 1617 591 1676 omni
611 1620 791 1689 memoria,
812 1622 946 1704 vitaque
970 1623 1092 1689 nostra.
1205 1609 1208 1614 ¹

64 1718 100 1783 Is
119 1722 208 1781 enim
229 1731 268 1783 tu
281 1723 332 1782 vir
345 1737 399 1789 ee,
421 1728 455 1778 et
472 1735 549 1777 eum
569 1734 624 1776 me
640 1713 702 1778 esse
721 1721 836 1802 cupi0,
856 1731 911 1794 ut,
933 1731 1093 1806 quoniam

60 1823 99 1884 in
115 1819 231 1884 eadem
251 1825 300 1882 rei
316 1816 467 1906 publicae
488 1827 644 1901 tempora
663 1815 864 1893 incidimuS,
882 1828 1092 1890 coniunctio-

62 1943 161 1995 nem,
197 1924 443 2002 amicitiamque
474 1917 622 1982 nostram
649 1922 784 2011 utrique
814 1918 965 1986 nostrum
997 1923 1090 1992 laudi

61 2021 193 2110 sperem
216 2021 301 2101 sore·
344 2019 454 2109 Quam
471 2021 605 2083 obrem
626 2029 681 2090 tu,
704 2031 866 2099 quantum
886 2035 947 2088 tuo
960 2023 1088 2096 iudicio

61 2123 284 2187 tribuendum
298 2121 362 2186 esse
379 2121 479 2184 nobis
501 2131 618 2207 puteS‚
640 2116 765 2184 statues
781 2118 864 2206 ipse:
888 2136 939 2198 et,
959 2137 999 2190 ut
1019 2124 1089 2214 spe·

53 2248 118 2299 rc,
139 2223 263 2288 statues
281 2246 323 2287 ex
338 2221 449 2287 nostra
465 2223 645 2310 dignitate3
667 2239 730 2304 ego
748 2242 827 2286 vcro
847 2226 909 2290 tibi
923 2223 1089 2313 profiteor

60 2340 159 2410 atque
181 2325 347 2413 polliceor
368 2329 545 2395 eremium,
569 2333 603 2384 et
623 2317 787 2406 singulare
809 2345 921 2389 meum
941 2324 1087 2393 studium

57 2436 95 2499 in
118 2435 209 2494 omni
232 2449 355 2516 genere
379 2421 500 2497 officii,
532 2421 621 2505 quod
643 2420 684 2484 ad
708 2419 934 2500 honestatem,
963 2439 997 2494 et
1019 2427 1089 2520 glo·

56 2536 143 2595 riam
160 2544 252 2595 tuam
268 2529 406 2615 spectet.
449 2526 489 2590 ln
504 2545 585 2607 quo,
610 2519 732 2586 etiams
748 2521 845 2591 musti
859 2547 992 2593 mecum
1009 2551 1087 2596 con·
1180 2574 1183 2579 ·

58 2633 219 2702 tendent,
248 2644 361 2693 tamen
385 2649 487 2710 quum
508 2624 645 2706 reliquis
667 2627 845 2698 omnibus,
865 2640 937 2692 tum
963 2626 1085 2695 Crassis

57 2739 126 2798 tuis
150 2731 339 2803 iudicibus,
370 2747 490 2792 omnes
512 2723 610 2791 facile
631 2723 808 2819 superabo:
838 2748 923 2810 quos
948 2731 1109 2813 quidem.

57 2857 123 2922 ego
141 2836 239 2896 ambo
260 2838 357 2898 unice
380 2829 499 2916 dilig03
523 2826 578 2892 sed
602 2833 636 2893 in
651 2827 770 2892 Marco
786 2829 1011 2897 benivolentia
1025 2838 1086 2896 im-

56 2958 132 3024 par.
176 2934 252 2997 Hoc
268 2938 373 3020 magis
391 2925 587 2994 sumPubsio
605 2928 757 3002 deditus,
780 2929 871 3012 quod
886 2953 951 3009 me,
971 2954 1085 3016 quam·

56 3059 157 3120 quam
175 3057 192 3098 a
209 3039 353 3121 pueritia
377 3032 430 3095 sua
454 3028 602 3115 semper,
624 3043 738 3096 taurea
754 3029 820 3095 hoc
843 3042 998 3119 tempore
1019 3054 1085 3099 ma·

54 3144 164 3209 xime,
184 3133 264 3199 ficut
288 3133 431 3199 alterum
452 3142 645 3216 parentem,
667 3143 701 3196 et
718 3129 890 3205 observat,
911 3144 945 3196 et
959 3132 1082 3222 diligit.

96 3504 123 3543 2.
146 3481 290 3564 quaesiui
307 3478 542 3561 ocia]Reizium
595 3482 627 3539 it.
653 3480 714 3540 Ma.
744 3478 848 3542 Guess.
872 3498 902 3540 a.
936 3477 1085 3562 restituit,

51 3566 103 3629 hic
123 3587 224 3627 novae
246 3563 395 3643 epistolae
421 3567 542 3624 initium
595 3584 656 3644 pro
672 3564 752 3646 vulg.
774 3567 991 3625 interciderent.
1081 3559 1084 3564 ’

49 3649 224 3732 sumpsisse,
250 3650 542 3730 Martyni·Laguna
639 3652 668 3705 in
685 3645 794 3706 Marco
817 3652 1011 3708 benivolentia
1028 3651 1082 3706 im·

51 3759 89 3799 ex
105 3742 169 3796 eius
182 3733 297 3795 schedis
315 3736 412 3794 MStia
426 3736 540 3805 refert,
594 3732 666 3815 par]
687 3734 730 3793 ste
745 3739 863 3794 correxi
872 3735 951 3816 vusg.
963 3734 1085 3809 impari.

49 3821 115 3901 ipse
141 3837 247 3880 tamen
271 3819 310 3879 ab
333 3823 396 3879 eiua
423 3819 540 3880 iudicio
593 3820 694 3877 Notat
722 3823 802 3878 enim
831 3821 974 3880 Marcum
1000 3813 1086 3880 Cres·

50 3906 190 3968 discedit.
594 3901 659 3961 sum
692 3901 786 3962 filium
816 3901 870 3964 suo
897 3907 997 3963 amori
1018 3921 1085 3965 non

93 3987 279 4070 inciderunt]
302 3988 386 4047 Bene
405 3985 467 4046 hoc
485 3987 540 4044 Er·
595 3985 1086 4069 peribenivolentiarespondere.

49 4074 161 4138 uestius
174 4095 211 4135 ex
220 4074 290 4134 edd.
300 4094 347 4153 pr.
358 4072 452 4132 Rom.
460 4074 541 4132 Ven.
