2506 4808
145 310 190 395 it
419 280 705 367 emerunt
751 294 907 368 xcvi.

148 488 289 553 batione
304 507 420 552 retum
436 468 637 570 quamduam
656 490 771 555 omnia
792 485 869 553 sunt
882 490 1087 565 metuenda,
1109 490 1199 561 nihil

70 648 74 661 ,
155 593 282 678 tnagis,
305 610 404 673 quam
429 582 604 675 perfidiam
630 591 808 654 tirnernus:
833 599 867 653 et
884 588 1007 655 Catoni
1033 594 1198 675 quidem,

153 713 290 776 quoquo
319 689 422 752 modo
457 687 488 752 se
520 682 576 752 res
608 684 747 764 habeat,
802 690 961 777 profecto
993 691 1196 762 resistimus.

153 790 210 861 De
225 787 459 856 Alexandrina
475 810 524 861 re,
544 788 703 872 causaque
721 795 823 879 regia,
844 804 978 857 tanturn
995 790 1108 859 habeo
1125 796 1198 886 pol·

146 869 266 966 liceri,
290 912 344 954 me
369 893 429 954 tibi
446 887 592 963 absenti,
615 897 748 975 tuisque
772 891 1003 978 praesentibus
1020 886 1198 971 cumulate

148 994 412 1063 satisfacturum.
459 988 531 1056 Sed
554 1011 692 1065 vercor,
728 1013 770 1057 ne
795 1005 852 1056 aut
882 990 1044 1082 eripiatur
1073 1001 1197 1075 nobie,

32 1102 36 1111 '
148 1110 207 1164 eut
226 1095 416 1160 deseratur:
440 1111 588 1173 quorum
604 1104 720 1157 utruin
738 1095 849 1158 nainus
870 1094 983 1171 veliin,
1003 1119 1075 1163 non
1093 1100 1197 1168 facile

149 1195 282 1291 possum
305 1194 508 1259 existimare.
554 1188 645 1267 Sed,
680 1191 780 1259 sires
803 1209 926 1285 coget,
957 1197 1004 1264 est
1029 1201 1197 1289 quiddaun

152 1303 318 1371 tertium,
353 1294 441 1380 quod
465 1315 574 1376 neque
592 1291 740 1368 Selicio,
773 1319 837 1361 nec
860 1297 945 1364 mihi
969 1299 1195 1389 displicebat:

95 1453 102 1463 „
149 1412 191 1465 ut
222 1421 332 1483 neque
363 1403 473 1464 iacere
498 1419 572 1461 rem
598 1406 814 1484 pateremur,
848 1419 930 1473 nec,
968 1404 1070 1469 nobis
1095 1428 1196 1495 repu-

150 1502 349 1591 gnantibus,
371 1498 412 1562 ad
436 1519 513 1562 eum
535 1498 678 1572 deserti,
701 1499 743 1562 ad
758 1520 859 1583 quem
877 1522 986 1590 prope
1009 1508 1079 1571 iam
1104 1508 1196 1576 dela·

149 1614 185 1668 ta
216 1599 433 1666 existimatur.
498 1598 533 1664 A
559 1601 660 1664 nobis
682 1612 828 1686 agentur
853 1608 967 1668 omnia
990 1604 1196 1697 diligenter:

150 1716 191 1769 ut
214 1724 296 1776 nec,
325 1701 345 1766 st
371 1700 450 1785 quid
472 1704 621 1765 obtineri
647 1706 791 1786 poterit,
821 1721 892 1765 non
916 1709 1193 1779 contendamus:

151 1825 237 1878 nec,
259 1800 282 1867 s1
301 1802 379 1889 quid
403 1824 471 1867 non
489 1805 758 1874 obtinuerimuS,
781 1801 900 1889 repulsa
924 1802 988 1870 esse
1003 1809 1195 1878 videamur.

150 1901 249 1972 Tuae'
273 1902 474 1994 sapientiae,
504 1902 812 1990 magnitudinisque
836 1907 938 1969 animi
964 1906 1028 1982 est,
1051 1933 1195 1979 onmem

155 2006 430 2095 amplitudinem,
460 2017 494 2068 et
518 2005 717 2092 dignitatern
742 2015 835 2066 tuam
857 2009 893 2069 in
916 2009 1061 2085 virtute,
1086 2019 1124 2079 in
1145 2037 1195 2081 re-

151 2110 218 2173 bus
237 2106 337 2196 gestis
358 2110 447 2180 tuis,
470 2118 569 2188 atque
590 2109 625 2168 in
650 2115 707 2168 tua
731 2108 896 2190 gravitate
919 2106 1057 2194 politam
1084 2115 1195 2182 existi·

151 2228 260 2273 mare:
291 2205 312 2271 si
339 2207 419 2292 quid
445 2212 549 2271 exiis
575 2205 697 2278 rebus,
727 2226 808 2288 quas
831 2209 893 2272 tibi
916 2210 1052 2277 fortuna
1072 2213 1194 2306 largita

153 2309 219 2385 est,
252 2309 497 2377 nonnullorum
530 2306 706 2371 hominum
735 2304 876 2396 perfidia
904 2310 1114 2390 detraxerit,
1156 2318 1193 2383 id

193 2552 340 2610 cantusare
392 2543 641 2630 satisfacturum]
698 2567 804 2629 regern
839 2547 985 2627 reductu
1033 2558 1124 2637 quod
1162 2578 1195 2625 et

151 2633 180 2698 h.
198 2658 224 2698 e.
249 2635 326 2696 nihil
346 2632 374 2692 se
388 2630 643 2704 intermissurum,
699 2634 828 2694 Servilio
845 2634 989 2713 placebat
1010 2657 1045 2700 ut
1068 2664 1119 2723 ep.
1141 2662 1194 2727 93,

153 2722 240 2802 qnod
268 2721 321 2780 suo
349 2717 450 2776 ttuuio
473 2734 504 2777 et
533 2718 643 2778 labore
700 2714 853 2797 etposteu
870 2721 1027 2782 decretum
1046 2724 1090 2786 est
1111 2750 1130 2789 a
1148 2731 1194 2794 se.

150 2804 258 2887 perfici
273 2801 382 2883 possit,
407 2801 460 2860 eui
476 2804 515 2860 de
533 2801 645 2862 succes·
701 2819 777 2864 netu
792 2823 841 2881 ep.
865 2827 931 2866 urz.
965 2803 1085 2874 Manat.

150 2890 183 2953 su
204 2887 281 2950 niltis
309 2893 370 2947 iarn
392 2889 529 2949 audebat
552 2888 645 2970 polli·
743 2908 833 2963 neque
858 2891 954 2948 iacere
978 2894 1060 2978 rem]
1083 2898 1193 2982 Vulgo

152 2980 225 3037 ceri.
701 2992 790 3046 neque
813 2975 909 3033 iacere
927 2999 1029 3055 regem
1045 3015 1086 3027 -
1108 2986 1193 3043 dela.

193 3069 246 3116 aut
269 3053 439 3138 eripiatur]
462 3055 566 3139 Vulgo
590 3053 644 3115 ud·
701 3066 772 3117 tuan.
817 3059 929 3122 Melius
951 3064 1089 3148 Martyni
1104 3101 1118 3115 ·
1133 3071 1195 3133 Lu.

151 3143 250 3205 diturn
286 3147 371 3219 caip'a
407 3145 509 3219 regio,
555 3140 644 3221 quod
699 3162 780 3225 gnua
798 3163 891 3222 quern
913 3143 1030 3207 secutur
1051 3152 1128 3214 sum.

150 3225 342 3289 maniscsturn
365 3229 475 3291 seilicet
494 3224 643 3310 glossema
742 3230 782 3282 nti
800 3229 887 3311 earn]
911 3231 1106 3312 Pompeium.

150 3330 235 3374 recte
258 3313 408 3374 Ernestins
441 3314 573 3380 delevit:
602 3331 644 3370 rac
742 3313 870 3396 repulsi]
902 3316 1037 3378 Pertinet
1063 3318 1127 3381 hoc
1151 3322 1195 3384 nd

151 3398 320 3460 delendum
351 3399 412 3460 esse
443 3405 503 3458 iarn
533 3397 644 3456 Manu·
699 3392 776 3455 illud
795 3408 928 3470 tertium,
952 3405 1040 3482 quod
1056 3402 1194 3471 fibinon

150 3487 210 3545 tius
255 3485 445 3559 Lambinus,
492 3483 642 3543 Graevius
700 3479 862 3561 displicere
892 3486 974 3548 dixit.
1025 3490 1073 3548 tte
1109 3498 1195 3555 enim

151 3566 341 3632 censuerant.
700 3567 738 3624 nd
755 3568 938 3646 Pompeium
956 3572 1059 3634 delato
1075 3576 1197 3639 Lentu·

193 3653 363 3736 eripiatur]
403 3668 437 3713 ut
472 3650 643 3729 Pompeius
699 3648 746 3710 lus
766 3652 917 3732 repulsam
948 3655 1046 3718 tulisse
1069 3664 1195 3724 videro·

150 3759 258 3821 regern
296 3740 434 3799 reducet.
495 3737 643 3814 Sequitur
699 3750 760 3796 tur.
820 3733 940 3797 Manat.
1074 3808 1077 3810 q

151 3832 234 3886 enim
256 3825 353 3905 paulo
378 3818 463 3900 post:
493 3822 533 3875 ad
554 3839 642 3898 quern
743 3822 773 3907 in
793 3821 898 3905 rebus]
926 3821 1030 3906 Vulgo
1052 3835 1142 3902 atque
1162 3830 1197 3889 in

150 3930 245 3986 prope
272 3912 333 3968 iarn
363 3911 464 3965 delata
493 3905 644 3979 existima·
702 3909 795 3963 rebus.
837 3909 900 3967 sed
920 3908 998 3969 iliud
1018 3921 1109 3991 atque
1138 3915 1197 3973 de.

152 4007 211 4053 tur,
701 3989 830 4052 lendum
861 3988 921 4053 esso
955 4010 1041 4055 recte
1067 4004 1196 4062 monuit

192 4075 359 4161 deseratur]
379 4096 419 4138 ue
434 4077 645 4158 quicomnino
703 4073 832 4140 Ernesti.
