2506 4808
299 341 615 417 E‘PISTOLA·
646 343 877 414 CXLVIII.
1038 363 1106 437 '245

73 549 128 604 cta
142 529 263 607 nobis,
282 545 315 597 et
333 537 478 620 cognita.
523 529 755 597 Vehementer
771 539 869 599 etiam
885 554 942 600 res
961 535 1029 623 ipsa
1044 561 1105 626 pu·

72 639 162 704 blica
185 659 239 699 me
261 640 385 706 movit,
418 655 501 715 quae
526 632 608 697 mihi
626 634 804 698 videbatur
831 642 1105 714 contentionem,

67 735 270 827 praesertim
290 739 445 798 niaximis
470 736 574 799 rebus
597 755 615 796 a
632 733 773 798 Caesare
795 733 915 822 gestis,
935 760 1013 802 cum
1035 741 1118 806 illis.

72 845 155 905 viris
176 836 268 902 nolle
291 833 381 906 fieri,
406 847 457 909 et,
486 857 529 904 ne
552 833 667 908 fieret,
699 834 919 902 vehementer
939 838 1102 904 recusare.
1185 827 1189 836 ’

75 936 278 1007 Gravissime¹
304 950 415 1001 autem
446 958 501 1000 me
540 942 576 1000 in
606 934 693 1000 hanc
723 951 873 1003 mentem
910 937 1044 1025 impulit
1070 953 1105 1006 et

41 1093 44 1098 .
74 1039 227 1127 Pompeii
246 1035 355 1110 fides,
377 1058 473 1119 quam
495 1037 537 1100 de
562 1059 616 1099 me
640 1036 771 1102 Caesari
793 1038 952 1123 dederat3
969 1112 972 1117 ,
987 1053 1020 1110 et
1042 1043 1107 1110 sra-

75 1146 139 1217 tris
166 1144 263 1212 mei,
306 1159 405 1220 quam
436 1134 608 1223 Pompeio.
641 1138 776 1207 2Emnt
810 1153 983 1228 praeterea
1019 1140 1105 1211 haec

75 1239 374 1306 animadvertenda
394 1231 599 1326 incivitate,
622 1258 706 1318 quae
730 1238 806 1304 sunt
827 1244 916 1329 apud
931 1241 1106 1312 Platonem

74 1339 225 1408 nostrum
249 1338 369 1426 scripta
384 1339 560 1433 divinitus:
573 1335 710 1426 ,Quales
732 1344 768 1403 in
783 1363 820 1405 re
834 1343 967 1429 publica
984 1352 1108 1433 princi.-

73 1466 136 1532 pes
152 1443 274 1514 essent,
296 1439 380 1504 tales
398 1438 547 1522 reliquos
574 1438 680 1503 solere
696 1439 761 1505 esse
778 1448 883 1519 cives.
898 1508 904 1519 ,
928 1444 1109 1513 Tenebam

75 1549 258 1615 memoria,
289 1540 388 1604 nobis
413 1536 622 1610 consulibus,
654 1561 691 1602 ea
712 1541 932 1611 fundamenta
952 1553 1038 1612 iacta
1064 1572 1108 1617 ex

75 1645 230 1711 kalendis
253 1644 414 1705 Ianuariis
439 1636 662 1703 confirmandi
685 1638 836 1717 senatus,
874 1660 911 1711 ut
935 1656 1109 1718 neminem
1177 1671 1179 1675 ’

77 1751 193 1810 mirari
209 1754 403 1830 oporteret,
425 1739 533 1804 Nonis
549 1739 799 1806 Decembribus
822 1757 952 1812 tantum
969 1753 1022 1816 vel
1043 1759 1111 1820 ani.

76 1853 124 1910 mi
146 1844 243 1926 ⁴fuisse
269 1850 303 1908 in
330 1842 389 1907 illo
410 1843 546 1913 ordine,
585 1840 638 1904 vel
663 1851 885 1911 auctoritatis.
950 1851 1112 1937 Idemque

79 1951 318 2016 memineram,
354 1944 454 2006 nobis
484 1945 625 2028 privatis
652 1961 762 2026 usque
794 1947 837 2010 ad
862 1947 1037 2016 Caesarem
1077 1957 1113 2020 e't

79 2312 83 2319 ,
123 2258 153 2315 in
174 2255 247 2311 hanc
267 2249 416 2334 mentem]
452 2249 569 2333 Vulga-

79 2357 158 2402 tum
176 2340 281 2396 iaaac
306 2349 420 2408 mente,
466 2331 569 2417 potest

82 2423 160 2485 esse:
184 2445 279 2504 quum
294 2444 325 2485 ru
340 2421 419 2482 hanc
433 2436 569 2480 mentem

81 2511 278 2577 inclinarem,
321 2514 418 2566 movit
448 2527 498 2564 me
521 2505 569 2579 ad

83 2593 312 2654 decernendum
337 2590 407 2655 hoc.
452 2593 502 2648 Sic
527 2593 569 2646 la·

82 2683 199 2737 baatem
232 2679 400 2750 impellere,
440 2690 470 2734 et
501 2675 570 2734 alia.

83 2764 146 2825 sed
178 2762 295 2821 lucilius
335 2760 395 2833 est,
439 2763 468 2817 in
494 2761 571 2837 *hanc

83 2859 227 2920 mentem,
244 2863 277 2904 ut
295 2842 337 2904 est
352 2849 382 2904 iu
399 2844 570 2904 cddRom.

86 2948 176 3013 1471.
200 2933 239 2991 de
255 2929 311 2990 Mt.
334 2927 441 2989 nostro
465 2945 496 2988 et
511 2931 572 2989 Gn

85 3015 212 3093 Ernesti.
227 3014 488 3075 Hanclectionem
499 3033 572 3073 cous

84 3102 186 3164 firmat
205 3097 348 3185 gradatio
374 3103 499 3156 multam
523 3101 572 3156 riu·

85 3190 142 3247 luit
164 3223 191 3232 -
215 3188 401 3244 vehementer·
424 3187 519 3242 movit
537 3217 573 3231 -

85 3273 258 3351 grauiffime
294 3270 430 3344 impulit,
486 3267 574 3348 quod

84 3358 167 3425 bene
188 3359 342 3416 monitum
372 3351 415 3413 est
438 3375 455 3413 a
475 3354 575 3413 Bene·

87 3445 209 3602 dlcdllird
230 3519 407 3604 Platonem]
438 3521 576 3582 Plutonis

86 3612 181 3671 verbe
207 3610 272 3671 snm
292 3608 369 3668 haec
392 3607 442 3666 lib.
458 3606 511 3669 lv
536 3606 577 3666 de

626 2254 698 2311 tiam
715 2251 910 2317 Cicerosetie
928 2257 1039 2336 plane,
1046 2235 1130 2322 Γρᾶ.

626 2357 715 2394 more
738 2335 793 2398 suo
817 2338 942 2401 liberius
962 2343 1114 2423 expresfir.

627 2417 747 2478 Manat.
808 2479 811 2483 .

669 2527 720 2563 ex
716 2509 861 2565 Kalendis
873 2503 952 2590 lam]
977 2530 994 2570 a
1010 2514 1112 2591 primo

626 2587 819 2673 magistratus
846 2593 897 2651 die
921 2615 980 2673 per
1011 2611 1114 2656 totum

627 2677 740 2735 demde
756 2696 880 2737 annum
922 2679 958 2738 ln
973 2678 1116 2745 Pisonem

628 2781 654 2820 c.
673 2784 701 2820 2.
722 2780 778 2837 ego
789 2757 930 2819 Kalendis
949 2758 1011 2820 lan,
1028 2766 1114 2840 sena-

629 2855 693 2902 tum
727 2856 756 2902 et
786 2851 874 2905 bonos
907 2868 1004 2907 amnes
1039 2852 1115 2928 legis

630 2933 795 3006 agrariae,
857 2936 1117 3017 maximarumque

630 3015 825 3090 largitionum
841 3027 920 3076 metu
934 3021 1065 3080 liberari.
1080 3056 1118 3072 -

631 3095 751 3156 Manui.

677 3181 773 3241 Nonis
796 3179 1025 3268 Decembribus]
1052 3206 1119 3266 quo

632 3269 698 3331 die„
715 3271 754 3326 de
784 3274 950 3329 coniuratis
979 3288 1119 3333 extremo

631 3352 783 3432 supplicio
808 3351 975 3421 efficiendis
999 3354 1119 3417 senatus

633 3436 804 3499 consultum
827 3437 1014 3506 factumest
1040 3441 1121 3501 Hinc

632 3523 685 3585 ille
707 3542 767 3583 vox
794 3543 864 3665 pro
879 3525 989 3583 Flacco
1027 3544 1052 3583 c.
1068 3545 1122 3600 aa.

639 3606 664 3665 0
700 3627 793 3669 nortae
830 3611 852 3665 il
854 3611 905 3664 lae
916 3604 1123 3750 ,Decembrem

88 3697 184 3799 Legg
215 3696 309 3795 μηδεὶς
334 3696 407 3761 ὑμεῖς
435 3693 580 3757 πειθέτω,
635 3712 725 3768 quae,
758 3713 806 3754 me
831 3695 961 3767 consule,
998 3689 1123 3770 fuistis!

91 3807 112 3839 ω
133 3790 224 3850 artur
261 3775 348 3848 ἅλλνν
373 3779 497 3839 θᾶττον
529 3779 582 3876 κννὶ
640 3777 737 3857 Quem
764 3795 820 3858 ego
849 3782 940 3835 diem
951 3799 1018 3835 uere
1040 3789 1126 3837 nata

90 3866 158 3948 ῥᾷον
174 3887 226 3936 με·
228 3855 416 3935 assiliendi
438 3882 509 3920 ποτε
528 3857 579 3919 ni·
638 3864 696 3918 lem
720 3863 802 3921 huius
819 3865 895 3923 urbis
911 3873 963 3920 aut
979 3875 1059 3919 certe
1077 3865 1127 3938 sa
1177 3906 1180 3911 -

90 3957 146 4012 λνν
181 3950 232 4005 καὶ
255 3945 321 4023 rarle
353 3946 465 4021 νόμους
499 3934 519 4017 ri
546 3945 583 4024 τῇ
640 3949 769 4004 lutarem
782 3951 870 4024 appel
870 3949 1069 4024 Marepnssum
1083 3977 1127 3999 ..-

91 4059 145 4095 των
178 4029 401 4090 δυναστευόντων
434 4031 585 4108 dimissis·
641 4026 763 4099 Manat.
852 4082 855 4087 ,
939 4085 942 4095 ,

92 4136 231 4203 guarum
265 4115 434 4176 verborum
466 4110 585 4180 seuten-
662 4164 672 4183 .,

844 4156 869 4181 ”
946 4154 1077 4296 ρ’,ζ
