2506 4808
818 126 828 159 Ι

330 298 610 373 EPISTOLA
657 286 869 381 Lxxxts·
1038 296 1115 389 3351·
1195 365 1197 369 ,

77 502 193 564 crimis
222 489 474 583 prope-delevi.
519 483 697 556 Conficior
717 495 807 555 eninr
828 484 1000 558 maerore,
1029 509 1106 557 mett

78 599 262 665 Terentia:
296 615 361 656 nec
384 613 479 655 meae
506 613 561 654 me
583 589 732 655 miseriae
759 597 865 679 magis
892 595 1107 665 excruciant,

77 711 286 785 quamtum,
307 690 513 774 vestraeque.
554 691 627 778 Ego
646 704 758 755 autem
778 693 841 756 hoc
856 691 1009 755 miserior
1023 682 1110 767 sum,

79 822 178 887 quam
199 812 256 870 tu,
294 815 379 878 quae
401 813 437 857 es
458 790 663 867 miserrima,
706 795 795 878 quod
820 793 888 882 ipsa
917 791 1109 870 calamitas,

79 902 272 967 communis
296 894 343 959 est
363 898 540 975 utriusque
560 891 729 958 nostrum:
751 894 805 960 sed
828 894 924 981 culpa
943 916 1017 959 mea
1032 915 1110 983 pro-

78 1008 154 1091 pria
176 998 235 1064 est.
298 996 418 1062 Meum
443 993 507 1058 fuit
527 990 695 1069 officium,
735 996 787 1061 vel
814 994 982 1083 legatione
1003 1002 1112 1062 vitare

79 1096 368 1193 periculum;.vel
390 1093 583 1181 diligentia,
610 1107 643 1157 et
666 1101 772 1182 copiis
796 1096 960 1180 refiltere3
983 1097 1036 1165 vel
1059 1119 1114 1162 ca-

82 1206 166 1269 dere
176 1203 325 1268 sortiter.
367 1196 442 1260 Hoc
459 1197 628 1269 miserius,
650 1202 801 1284 turpius,
823 1199 996 1287 indignius
1010 1203 1111 1267 nobis

82 1303 168 1371 nihil
191 1305 267 1368 fuit.
311 1299 426 1390 Quare
449 1320 552 1382 quum
576 1297 695 1362 dolore
716 1295 896 1374 conficior,
917 1311 990 1365 tum
1011 1307 1113 1366 etiam

83 1407 227 1496 pudore.
271 1401 380 1468 Pudet
405 1406 494 1464 enim
522 1421 576 1463 me
599 1404 700 1463 uxori
725 1404 890 1486 optimae,
919 1397 1115 1468 suaviffimis
1191 1463 1194 1469 .

84 1509 228 1585 liberm,
270 1510 459 1576 virtutem,
504 1494 537 1566 et
573 1500 780 1587 diligentiam
807 1524 878 1566 non
907 1499 1114 1590 praestitisse.

84 1610 173 1676 Nam
195 1614 245 1672 mi
263 1618 340 1670 ante
362 1604 481 1669 oculos
506 1603 577 1666 dies
598 1614 785 1686 noctesque
806 1603 955 1670 versatur
981 1602 1129 1686 squalor*

84 1709 214 1783 vester,
231 1720 267 1771 et
289 1725 440 1776 maeror,
463 1716 497 1765 et
516 1701 693 1767 infirmitas
711 1704 903 1770 valitudinis
925 1717 1017 1769 tuae:
1037 1703 1113 1792 spes
1161 1720 1163 1724 “

86 1825 199 1876 autern
215 1808 328 1871 salutis
344 1812 518 1897 pertenuis
534 1804 731 1870 ostenditur.
766 1805 898 1868 lnimici
913 1802 986 1869 sunt
1000 1804 1116 1868 multi:

86 1912 194 1978 invidi
208 1931 315 1997 paene
330 1928 462 1970 omnes.
504 1907 637 2000 Eiicere
653 1927 715 1971 nos
737 1927 893 1992 magnum
908 1907 981 1980 suit,
1005 1905 1116 1970 exclu-

90 2014 169 2077 dere
190 2011 286 2076 sacile
304 2007 359 2072 est.
404 2007 474 2072 Sed
494 2020 607 2071 tamen
623 2007 784 2090 quamdiu
798 2027 860 2072 vos
875 2012 970 2071 eritis
987 2011 1021 2070 in
1043 2005 1117 2093 spe,

88 2137 160 2183 non
178 2108 346 2182 deficiam,
367 2129 410 2171 ne
424 2114 537 2173 omnia
551 2130 625 2171 mea
645 2107 742 2194 culpa
757 2107 910 2173 cecidisse
925 2107 1116 2174 videantur.

169 2213 218 2279 Ut
240 2225 313 2277 tuto
338 2208 412 2280 fini,
446 2211 536 2294 quod
558 2209 707 2282 laboraS,
728 2208 763 2273 id
783 2207 866 2272 mihi
888 2231 978 2272 nunc
1002 2207 1148 2282 facilli-2

91 2339 185 2382 mum
202 2313 264 2378 est:
287 2332 388 2394 quem
404 2316 504 2373 etiarn
518 2316 644 2375 inimici
659 2308 776 2374 volunt
790 2315 903 2376 vivere
918 2315 954 2372 in
972 2307 1026 2372 his
1051 2322 1123 2372 tan·

92 2426 139 2485 tis
174 2415 326 2480 miseriis.
391 2412 464 2498 Ego
497 2423 608 2475 tamen
645 2411 783 2485 faciam,
827 2431 910 2493 quae
940 2415 1120 2496 praecipiS.

92 2520 245 2588 simion,
278 2514 397 2596 quibus
422 2511 570 2586 voluisti,
607 2518 659 2598 egi
682 2517 825 2599 gratias,
859 2525 894 2575 et
923 2533 977 2576 eas
1006 2511 1121 2575 literas

94 2620 252 2703 Dexippo
268 2615 365 2695 detli3
388 2634 508 2695 meque
522 2613 564 2676 de
579 2635 696 2677 eorum
712 2614 826 2679 officio
846 2612 956 2702 scripfi
971 2635 988 2678 a
1001 2627 1036 2676 te
1052 2634 1125 2677 cer·

95 2725 219 2783 tiorem
249 2714 313 2780 esse
340 2717 478 2780 factum.
524 2713 674 2779 Pisonem
702 2715 853 2782 nostrum
886 2714 1028 2781 mirifico
1059 2713 1124 2780 esse
1190 2722 1199 2739 ⁰

96 2820 208 2886 studio
231 2823 367 2891 initos,
390 2829 424 2880 et
446 2813 579 2891 officio,
600 2827 635 2879 et
654 2839 717 2903 ego
741 2818 925 2908 perspicio,
947 2831 980 2882 et
1002 2837 1123 2881 omnes

96 2919 303 3009 praedicant.
345 2917 405 2981 Dii
426 2916 555 2991 faxint,
578 2929 616 2981 ut
636 2917 695 2981 tali
716 2941 842 3005 genero
861 2919 946 2986 mihi
959 2918 1126 3006 praesenti

97 3034 213 3085 tecum
230 3016 338 3091 simul,
362 3030 395 3081 et
417 3040 494 3081 cunr
517 3012 633 3081 liberis
652 3018 772 3085 nostris
790 3023 858 3086 frui
883 3017 1001 3087 liceat!
1024 3020 1126 3085 Nunc
1214 3024 1219 3033 '

99 3121 173 3210 spes
195 3119 322 3203 reliqua
344 3117 448 3183 estin
469 3125 565 3187 novis
588 3120 734 3186 tribunis
755 3123 863 3210 plebis
888 3136 922 3188 et
943 3129 981 3189 in
1006 3126 1127 3213 primis

141 3473 235 3556 Epist.
260 3475 405 3546 LXXXI.
452 3494 477 3536 1.
502 3495 587 3550 quum
687 3472 800 3557 uxori]
837 3475 936 3556 Quod
962 3473 1013 3536 hic
1036 3474 1130 3537 adde·

103 3564 207 3619 dolore
243 3559 403 3642 conficior]
447 3562 496 3618 sic
525 3563 587 3620 Mt.
644 3558 736 3621 batur
752 3582 851 3632 aneae,
872 3562 906 3620 id
927 3579 1012 3622 recte
1028 3563 1135 3623 delen·

102 3645 207 3713 noster
227 3664 257 3705 et
273 3647 333 3704 Gu.
349 3666 377 3704 2.
402 3657 433 3702 et
453 3644 524 3704 edd.
539 3665 588 3725 pr.
646 3647 720 3705 dum
746 3644 861 3706 censuit
882 3645 1009 3706 Ernesti.
1048 3647 1136 3707 =Nam

107 3728 275 3803 conficiar,
309 3728 396 3811 quod
418 3726 460 3787 est
485 3735 517 3789 in
540 3750 588 3789 re·
644 3751 703 3790 nec
730 3750 803 3790 mox
826 3731 1006 3808 serenissimis
1035 3734 1136 3789 liberis
1165 3724 1169 3734 ¹

104 3815 311 3887 centioribua,
344 3810 406 3872 sme
430 3813 526 3874 dubio
549 3817 591 3873 vi·
649 3816 775 3876 additur
800 3818 883 3874 meis.

103 3901 213 3961 tioium
245 3898 296 3960 est.
340 3899 439 3981 Quum
464 3898 592 3978 respon·
690 3920 718 3958 2.
743 3911 775 3957 ut
803 3912 867 3960 tuto
888 3898 971 3982 sim]
1005 3894 1138 3961 stilibi

104 3988 158 4045 det
174 3982 343 4066 particulae
366 3996 445 4056 tum,
467 4003 526 4045 nec
547 3979 591 4046 est
646 3981 780 4047 ubisum
1151 3977 1155 3985 ’

105 4069 234 4133 causale.
291 4063 419 4146 Ernesti.
806 4084 809 4091 '
