<?xml version="1.0" encoding="UTF-8"?>
<!DOCTYPE html PUBLIC "-//W3C//DTD XHTML 1.0 Transitional//EN"
    "http://www.w3.org/TR/xhtml1/DTD/xhtml1-transitional.dtd">
<html xmlns="http://www.w3.org/1999/xhtml" xml:lang="en" lang="en">
 <head>
  <title>
</title>
<meta http-equiv="Content-Type" content="text/html;charset=utf-8" />
  <meta name='ocr-system' content='tesseract 3.04.00' />
  <meta name='ocr-capabilities' content='ocr_page ocr_carea ocr_par ocr_line ocrx_word'/>
</head>
<body>
  <div class='ocr_page' id='page_1' title='image "./mtciceronisepis00billgoog/mtciceronisepis00billgoog_0699.png"; bbox 0 0 2506 4808; ppageno 0'>
   <div class='ocr_carea' id='block_1_1' title="bbox 485 41 521 61">
    <p class='ocr_par' dir='ltr' id='par_1_1' title="bbox 485 41 521 61">
     <span class='ocr_line' id='line_1_1' title="bbox 485 41 521 61; baseline 0 -12"><span class='ocrx_word' id='word_1_1' title='bbox 485 41 521 61; x_wconf 54' lang='lat' dir='ltr'>v.</span> 
     </span>
    </p>
   </div>
   <div class='ocr_carea' id='block_1_2' title="bbox 944 192 1108 253">
    <p class='ocr_par' dir='ltr' id='par_1_2' title="bbox 944 192 1108 253">
     <span class='ocr_line' id='line_1_2' title="bbox 944 192 1108 253; baseline -0.006 -44"><span class='ocrx_word' id='word_1_2' title='bbox 944 192 952 209; x_wconf 90' lang='lat'><strong>.</strong></span> <span class='ocrx_word' id='word_1_3' title='bbox 1029 192 1108 253; x_wconf 38' lang='grc' dir='ltr'>μ’</span> 
     </span>
    </p>
   </div>
   <div class='ocr_carea' id='block_1_3' title="bbox 384 256 1054 405">
    <p class='ocr_par' dir='ltr' id='par_1_3' title="bbox 384 256 1054 405">
     <span class='ocr_line' id='line_1_3' title="bbox 384 256 1054 405; baseline -0.007 -24"><span class='ocrx_word' id='word_1_4' title='bbox 384 274 681 405; x_wconf 64' lang='lat' dir='ltr'>uittttsronr.</span> <span class='ocrx_word' id='word_1_5' title='bbox 732 256 1054 393; x_wconf 70' lang='lat' dir='ltr'>ccxxxs1.&#39;&#39;</span> 
     </span>
    </p>
   </div>
   <div class='ocr_carea' id='block_1_4' title="bbox 1059 230 1129 313">
    <p class='ocr_par' dir='ltr' id='par_1_4' title="bbox 1059 230 1129 313">
     <span class='ocr_line' id='line_1_4' title="bbox 1059 230 1129 313; baseline -0.029 0"><span class='ocrx_word' id='word_1_6' title='bbox 1059 230 1129 313; x_wconf 55' lang='lat' dir='ltr'>tis!</span> 
     </span>
    </p>
   </div>
   <div class='ocr_carea' id='block_1_5' title="bbox 81 468 1227 589">
    <p class='ocr_par' dir='ltr' id='par_1_5' title="bbox 81 468 1227 589">
     <span class='ocr_line' id='line_1_5' title="bbox 81 468 1227 589; baseline -0.004 -20"><span class='ocrx_word' id='word_1_7' title='bbox 81 468 211 575; x_wconf 49' lang='lat' dir='ltr'>‘gii-&#39;in</span> <span class='ocrx_word' id='word_1_8' title='bbox 232 523 331 589; x_wconf 84' lang='lat' dir='ltr'>quern</span> <span class='ocrx_word' id='word_1_9' title='bbox 351 499 588 569; x_wconf 77' lang='lat' dir='ltr'>inveberetur,</span> <span class='ocrx_word' id='word_1_10' title='bbox 613 494 808 583; x_wconf 80' lang='lat' dir='ltr'>delegerat3</span> <span class='ocrx_word' id='word_1_11' title='bbox 843 494 1140 585; x_wconf 77' lang='lat' dir='ltr'>persuaseratque</span> <span class='ocrx_word' id='word_1_12' title='bbox 1161 521 1227 564; x_wconf 86' lang='lat' dir='ltr'>non·</span> 
     </span>
    </p>
   </div>
   <div class='ocr_carea' id='block_1_6' title="bbox 69 594 1251 1549">
    <p class='ocr_par' dir='ltr' id='par_1_6' title="bbox 69 594 1251 1549">
     <span class='ocr_line' id='line_1_6' title="bbox 69 594 1226 703; baseline -0.006 -36"><span class='ocrx_word' id='word_1_13' title='bbox 69 652 75 667; x_wconf 93' lang='lat'><em>.</em></span> <span class='ocrx_word' id='word_1_14' title='bbox 134 650 154 693; x_wconf 60' lang='lat'>3,</span> <span class='ocrx_word' id='word_1_15' title='bbox 202 605 278 675; x_wconf 88' lang='lat' dir='ltr'>ullis</span> <span class='ocrx_word' id='word_1_16' title='bbox 299 600 423 668; x_wconf 82' lang='lat' dir='ltr'>invidis</span> <span class='ocrx_word' id='word_1_17' title='bbox 448 602 553 672; x_wconf 85' lang='lat' dir='ltr'>meis,</span> <span class='ocrx_word' id='word_1_18' title='bbox 575 594 607 661; x_wconf 85' lang='lat' dir='ltr'>se</span> <span class='ocrx_word' id='word_1_19' title='bbox 630 599 667 661; x_wconf 89' lang='lat' dir='ltr'>in</span> <span class='ocrx_word' id='word_1_20' title='bbox 687 616 742 661; x_wconf 84' lang='lat' dir='ltr'>rne</span> <span class='ocrx_word' id='word_1_21' title='bbox 764 598 985 666; x_wconf 83' lang='lat' dir='ltr'><strong>emissarium</strong></span> <span class='ocrx_word' id='word_1_22' title='bbox 1006 598 1146 703; x_wconf 67' lang='lat' dir='ltr'>seurper</span> <span class='ocrx_word' id='word_1_23' title='bbox 1160 601 1226 665; x_wconf 84' lang='lat' dir='ltr'>iore</span> 
     </span>
     <span class='ocr_line' id='line_1_7' title="bbox 168 630 1225 799; baseline -0.007 -28"><span class='ocrx_word' id='word_1_24' title='bbox 168 630 289 799; x_wconf 44' lang='lat' dir='ltr'>Quam</span> <span class='ocrx_word' id='word_1_25' title='bbox 304 704 437 769; x_wconf 84' lang='lat' dir='ltr'>obrem</span> <span class='ocrx_word' id='word_1_26' title='bbox 453 698 549 767; x_wconf 76' lang='lat' dir='ltr'>valde</span> <span class='ocrx_word' id='word_1_27' title='bbox 570 698 673 765; x_wconf 87' lang='lat' dir='ltr'>iubeo</span> <span class='ocrx_word' id='word_1_28' title='bbox 688 698 839 787; x_wconf 81' lang='lat' dir='ltr'>gaudere</span> <span class='ocrx_word' id='word_1_29' title='bbox 857 713 918 777; x_wconf 78' lang='lat' dir='ltr'>tte.</span> <span class='ocrx_word' id='word_1_30' title='bbox 966 695 1112 790; x_wconf 66' lang='lat' dir='ltr'>Magna</span> <span class='ocrx_word' id='word_1_31' title='bbox 1124 723 1175 767; x_wconf 90' lang='lat' dir='ltr'>res</span> <span class='ocrx_word' id='word_1_32' title='bbox 1186 723 1225 789; x_wconf 82' lang='lat' dir='ltr'>ge</span> 
     </span>
     <span class='ocr_line' id='line_1_8' title="bbox 177 796 1222 885; baseline -0.01 -10"><span class='ocrx_word' id='word_1_33' title='bbox 177 806 226 875; x_wconf 85' lang='lat' dir='ltr'>sta</span> <span class='ocrx_word' id='word_1_34' title='bbox 248 804 305 871; x_wconf 89' lang='lat' dir='ltr'>est.</span> <span class='ocrx_word' id='word_1_35' title='bbox 347 801 540 884; x_wconf 77' lang='lat' dir='ltr'>Numquam</span> <span class='ocrx_word' id='word_1_36' title='bbox 561 796 621 863; x_wconf 91' lang='lat' dir='ltr'>ulli</span> <span class='ocrx_word' id='word_1_37' title='bbox 637 798 800 865; x_wconf 84' lang='lat' dir='ltr'>fortiores</span> <span class='ocrx_word' id='word_1_38' title='bbox 821 806 923 867; x_wconf 89' lang='lat' dir='ltr'>cives</span> <span class='ocrx_word' id='word_1_39' title='bbox 948 803 1126 876; x_wconf 87' lang='lat' dir='ltr'>suerunt,</span> <span class='ocrx_word' id='word_1_40' title='bbox 1145 824 1222 885; x_wconf 83' lang='lat' dir='ltr'>quau</span> 
     </span>
     <span class='ocr_line' id='line_1_9' title="bbox 177 901 1251 995; baseline -0.008 -20"><span class='ocrx_word' id='word_1_41' title='bbox 177 913 236 995; x_wconf 91' lang='lat' dir='ltr'>qui</span> <span class='ocrx_word' id='word_1_42' title='bbox 258 902 321 972; x_wconf 85' lang='lat' dir='ltr'>aust</span> <span class='ocrx_word' id='word_1_43' title='bbox 346 902 420 969; x_wconf 88' lang='lat' dir='ltr'>sunt</span> <span class='ocrx_word' id='word_1_44' title='bbox 441 924 518 966; x_wconf 84' lang='lat' dir='ltr'>curn</span> <span class='ocrx_word' id='word_1_45' title='bbox 537 911 657 967; x_wconf 80' lang='lat' dir='ltr'>contra</span> <span class='ocrx_word' id='word_1_46' title='bbox 676 912 787 967; x_wconf 64' lang='lat' dir='ltr'>mutas</span> <span class='ocrx_word' id='word_1_47' title='bbox 806 922 894 989; x_wconf 86' lang='lat' dir='ltr'>opes</span> <span class='ocrx_word' id='word_1_48' title='bbox 923 908 1027 979; x_wconf 85' lang='lat' dir='ltr'>eius,</span> <span class='ocrx_word' id='word_1_49' title='bbox 1055 926 1077 969; x_wconf 90' lang='lat' dir='ltr'>a</span> <span class='ocrx_word' id='word_1_50' title='bbox 1097 926 1163 988; x_wconf 89' lang='lat' dir='ltr'>quo</span> <span class='ocrx_word' id='word_1_51' title='bbox 1179 901 1219 991; x_wconf 84' lang='lat' dir='ltr'>ips</span> <span class='ocrx_word' id='word_1_52' title='bbox 1247 908 1251 987; x_wconf 68' lang='lat' dir='ltr'><strong>J</strong></span> 
     </span>
     <span class='ocr_line' id='line_1_10' title="bbox 171 994 1250 1095; baseline -0.012 -15"><span class='ocrx_word' id='word_1_53' title='bbox 171 1011 259 1081; x_wconf 85' lang='lat' dir='ltr'>lecti</span> <span class='ocrx_word' id='word_1_54' title='bbox 294 1008 423 1076; x_wconf 89' lang='lat' dir='ltr'>iudices</span> <span class='ocrx_word' id='word_1_55' title='bbox 460 1014 575 1075; x_wconf 87' lang='lat' dir='ltr'>crant,</span> <span class='ocrx_word' id='word_1_56' title='bbox 616 1002 857 1067; x_wconf 81' lang='lat' dir='ltr'>condemnare.</span> <span class='ocrx_word' id='word_1_57' title='bbox 928 1004 1048 1095; x_wconf 81' lang='lat' dir='ltr'>Quod</span> <span class='ocrx_word' id='word_1_58' title='bbox 1091 994 1250 1070; x_wconf 77' lang='lat' dir='ltr'>fecissent</span> 
     </span>
     <span class='ocr_line' id='line_1_11' title="bbox 175 1101 1216 1196; baseline -0.012 -16"><span class='ocrx_word' id='word_1_59' title='bbox 175 1130 380 1196; x_wconf 86' lang='lat' dir='ltr'><strong>numquam,</strong></span> <span class='ocrx_word' id='word_1_60' title='bbox 402 1102 459 1170; x_wconf 85' lang='lat' dir='ltr'>nili</span> <span class='ocrx_word' id='word_1_61' title='bbox 480 1106 523 1168; x_wconf 82' lang='lat' dir='ltr'>iis</span> <span class='ocrx_word' id='word_1_62' title='bbox 547 1101 657 1169; x_wconf 92' lang='lat' dir='ltr'>dolori</span> <span class='ocrx_word' id='word_1_63' title='bbox 677 1124 771 1169; x_wconf 89' lang='lat' dir='ltr'>rueus</span> <span class='ocrx_word' id='word_1_64' title='bbox 788 1101 901 1170; x_wconf 88' lang='lat' dir='ltr'>suisset</span> <span class='ocrx_word' id='word_1_65' title='bbox 916 1104 1046 1171; x_wconf 89' lang='lat' dir='ltr'>dolor.</span> <span class='ocrx_word' id='word_1_66' title='bbox 1095 1106 1166 1172; x_wconf 91' lang='lat' dir='ltr'>Nos</span> <span class='ocrx_word' id='word_1_67' title='bbox 1180 1104 1216 1169; x_wconf 87' lang='lat' dir='ltr'>hic</span> 
     </span>
     <span class='ocr_line' id='line_1_12' title="bbox 178 1202 1214 1293; baseline -0.01 -12"><span class='ocrx_word' id='word_1_68' title='bbox 178 1210 416 1282; x_wconf 86' lang='lat' dir='ltr'>multitudine,</span> <span class='ocrx_word' id='word_1_69' title='bbox 442 1217 477 1269; x_wconf 81' lang='lat' dir='ltr'>et</span> <span class='ocrx_word' id='word_1_70' title='bbox 496 1202 692 1279; x_wconf 78' lang='lat' dir='ltr'>celebritate</span> <span class='ocrx_word' id='word_1_71' title='bbox 712 1203 942 1279; x_wconf 88' lang='lat' dir='ltr'>iudiciorum,</span> <span class='ocrx_word' id='word_1_72' title='bbox 967 1219 1009 1271; x_wconf 91' lang='lat' dir='ltr'>et</span> <span class='ocrx_word' id='word_1_73' title='bbox 1031 1213 1141 1274; x_wconf 84' lang='lat' dir='ltr'>novis</span> <span class='ocrx_word' id='word_1_74' title='bbox 1163 1206 1214 1293; x_wconf 79' lang='lat' dir='ltr'>legi</span> 
     </span>
     <span class='ocr_line' id='line_1_13' title="bbox 177 1306 1245 1390; baseline -0.011 -7"><span class='ocrx_word' id='word_1_75' title='bbox 177 1317 243 1383; x_wconf 84' lang='lat' dir='ltr'>bus</span> <span class='ocrx_word' id='word_1_76' title='bbox 264 1318 310 1378; x_wconf 87' lang='lat' dir='ltr'>ita</span> <span class='ocrx_word' id='word_1_77' title='bbox 333 1310 555 1380; x_wconf 87' lang='lat' dir='ltr'>distinemur,</span> <span class='ocrx_word' id='word_1_78' title='bbox 574 1318 613 1372; x_wconf 91' lang='lat' dir='ltr'>ut</span> <span class='ocrx_word' id='word_1_79' title='bbox 627 1306 776 1390; x_wconf 88' lang='lat' dir='ltr'>quotidie</span> <span class='ocrx_word' id='word_1_80' title='bbox 796 1318 874 1371; x_wconf 85' lang='lat' dir='ltr'>vota</span> <span class='ocrx_word' id='word_1_81' title='bbox 895 1307 1106 1385; x_wconf 86' lang='lat' dir='ltr'>faciamus,</span> <span class='ocrx_word' id='word_1_82' title='bbox 1127 1315 1204 1375; x_wconf 80' lang='lat' dir='ltr'>nei</span> <span class='ocrx_word' id='word_1_83' title='bbox 1242 1366 1245 1371; x_wconf 90' lang='lat'><em>.</em></span> 
     </span>
     <span class='ocr_line' id='line_1_14' title="bbox 175 1396 1248 1549; baseline -0.006 -67"><span class='ocrx_word' id='word_1_84' title='bbox 175 1396 377 1485; x_wconf 76' lang='lat' dir='ltr'>torculetur,</span> <span class='ocrx_word' id='word_1_85' title='bbox 399 1420 438 1474; x_wconf 91' lang='lat' dir='ltr'>ut</span> <span class='ocrx_word' id='word_1_86' title='bbox 455 1426 554 1491; x_wconf 77' lang='lat' dir='ltr'>quant</span> <span class='ocrx_word' id='word_1_87' title='bbox 570 1411 720 1495; x_wconf 80' lang='lat' dir='ltr'>primurn</span> <span class='ocrx_word' id='word_1_88' title='bbox 739 1418 774 1473; x_wconf 89' lang='lat' dir='ltr'>te</span> <span class='ocrx_word' id='word_1_89' title='bbox 789 1407 908 1475; x_wconf 82' lang='lat' dir='ltr'>videre</span> <span class='ocrx_word' id='word_1_90' title='bbox 920 1407 1118 1499; x_wconf 73' lang='lat' dir='ltr'>possmus·</span> <span class='ocrx_word' id='word_1_91' title='bbox 1242 1446 1248 1549; x_wconf 58' lang='grc' dir='ltr'>ι</span> 
     </span>
    </p>
   </div>
   <div class='ocr_carea' id='block_1_7' title="bbox 167 1646 1252 4095">
    <p class='ocr_par' dir='ltr' id='par_1_7' title="bbox 167 1646 1252 4095">
     <span class='ocr_line' id='line_1_15' title="bbox 1242 1646 1247 1677; baseline 0 0"><span class='ocrx_word' id='word_1_92' title='bbox 1242 1646 1247 1677; x_wconf 94' lang='lat' dir='ltr'>l</span> 
     </span>
     <span class='ocr_line' id='line_1_16' title="bbox 172 1711 1216 1801; baseline -0.006 -18"><span class='ocrx_word' id='word_1_93' title='bbox 172 1722 180 1731; x_wconf 84' lang='lat'>&#39;</span> <span class='ocrx_word' id='word_1_94' title='bbox 219 1746 239 1783; x_wconf 81' lang='lat' dir='ltr'>o</span> <span class='ocrx_word' id='word_1_95' title='bbox 271 1742 330 1801; x_wconf 79' lang='lat' dir='ltr'>quo</span> <span class='ocrx_word' id='word_1_96' title='bbox 367 1718 421 1795; x_wconf 77' lang='lat' dir='ltr'>ipsi</span> <span class='ocrx_word' id='word_1_97' title='bbox 453 1716 533 1777; x_wconf 80' lang='lat' dir='ltr'>lecti</span> <span class='ocrx_word' id='word_1_98' title='bbox 559 1717 669 1775; x_wconf 82' lang='lat' dir='ltr'>indices</span> <span class='ocrx_word' id='word_1_99' title='bbox 724 1711 821 1776; x_wconf 84' lang='lat' dir='ltr'>tribus</span> <span class='ocrx_word' id='word_1_100' title='bbox 857 1713 956 1776; x_wconf 81' lang='lat' dir='ltr'>caulis</span> <span class='ocrx_word' id='word_1_101' title='bbox 995 1716 1133 1792; x_wconf 78' lang='lat' dir='ltr'>delinit,</span> <span class='ocrx_word' id='word_1_102' title='bbox 1172 1721 1216 1800; x_wconf 85' lang='lat' dir='ltr'>pri·</span> 
     </span>
     <span class='ocr_line' id='line_1_17' title="bbox 178 1801 1216 1893; baseline -0.008 -24"><span class='ocrx_word' id='word_1_103' title='bbox 178 1806 284 1893; x_wconf 80' lang='lat' dir='ltr'>eraut]</span> <span class='ocrx_word' id='word_1_104' title='bbox 322 1806 446 1883; x_wconf 83' lang='lat' dir='ltr'>Narnpe</span> <span class='ocrx_word' id='word_1_105' title='bbox 473 1801 589 1863; x_wconf 87' lang='lat' dir='ltr'>iudices</span> <span class='ocrx_word' id='word_1_106' title='bbox 613 1822 669 1859; x_wconf 92' lang='lat' dir='ltr'>eo·</span> <span class='ocrx_word' id='word_1_107' title='bbox 724 1803 1216 1872; x_wconf 82' lang='lat' dir='ltr'>murnmultitudineiudicioron,</span> 
     </span>
     <span class='ocr_line' id='line_1_18' title="bbox 176 1884 1216 1967; baseline -0.013 -10"><span class='ocrx_word' id='word_1_108' title='bbox 176 1894 253 1959; x_wconf 83' lang='lat' dir='ltr'>dent</span> <span class='ocrx_word' id='word_1_109' title='bbox 272 1890 373 1953; x_wconf 87' lang='lat' dir='ltr'>modo</span> <span class='ocrx_word' id='word_1_110' title='bbox 397 1884 669 1949; x_wconf 82' lang='lat' dir='ltr'>in&#39;causaliursaa</span> <span class='ocrx_word' id='word_1_111' title='bbox 725 1904 808 1967; x_wconf 85' lang='lat' dir='ltr'>quse</span> <span class='ocrx_word' id='word_1_112' title='bbox 829 1884 967 1947; x_wconf 81' lang='lat' dir='ltr'>iaciebat</span> <span class='ocrx_word' id='word_1_113' title='bbox 994 1905 1036 1949; x_wconf 86' lang='lat' dir='ltr'>ut</span> <span class='ocrx_word' id='word_1_114' title='bbox 1058 1891 1216 1966; x_wconf 80' lang='lat' dir='ltr'>saepiussi</span> 
     </span>
     <span class='ocr_line' id='line_1_19' title="bbox 176 1964 1215 2051; baseline -0.014 -8"><span class='ocrx_word' id='word_1_115' title='bbox 176 1976 301 2044; x_wconf 87' lang='lat' dir='ltr'>sortitus</span> <span class='ocrx_word' id='word_1_116' title='bbox 331 1970 391 2037; x_wconf 86' lang='lat' dir='ltr'>ella</span> <span class='ocrx_word' id='word_1_117' title='bbox 419 1972 558 2045; x_wconf 79' lang='lat' dir='ltr'>videtur,</span> <span class='ocrx_word' id='word_1_118' title='bbox 601 1990 667 2051; x_wconf 88' lang='lat' dir='ltr'>quo</span> <span class='ocrx_word' id='word_1_119' title='bbox 725 1968 879 2031; x_wconf 85' lang='lat' dir='ltr'>orandum</span> <span class='ocrx_word' id='word_1_120' title='bbox 907 1967 1009 2049; x_wconf 86' lang='lat' dir='ltr'>elset;</span> <span class='ocrx_word' id='word_1_121' title='bbox 1047 1964 1164 2034; x_wconf 80' lang='lat' dir='ltr'>deinde</span> <span class='ocrx_word' id='word_1_122' title='bbox 1183 1994 1215 2029; x_wconf 82' lang='lat' dir='ltr'>ce·</span> 
     </span>
     <span class='ocr_line' id='line_1_20' title="bbox 176 2054 1217 2127; baseline -0.012 0"><span class='ocrx_word' id='word_1_123' title='bbox 176 2069 209 2127; x_wconf 85' lang='lat' dir='ltr'>in</span> <span class='ocrx_word' id='word_1_124' title='bbox 231 2061 358 2125; x_wconf 78' lang='lat' dir='ltr'>Milonis</span> <span class='ocrx_word' id='word_1_125' title='bbox 387 2054 476 2119; x_wconf 80' lang='lat' dir='ltr'>causa</span> <span class='ocrx_word' id='word_1_126' title='bbox 499 2054 568 2117; x_wconf 89' lang='lat' dir='ltr'>usus</span> <span class='ocrx_word' id='word_1_127' title='bbox 592 2072 667 2118; x_wconf 89' lang='lat' dir='ltr'>erat.</span> <span class='ocrx_word' id='word_1_128' title='bbox 724 2057 875 2127; x_wconf 76' lang='lat' dir='ltr'>labritcte,</span> <span class='ocrx_word' id='word_1_129' title='bbox 915 2059 936 2117; x_wconf 83' lang='lat' dir='ltr'>i.</span> <span class='ocrx_word' id='word_1_130' title='bbox 960 2075 993 2121; x_wconf 86' lang='lat' dir='ltr'>e.</span> <span class='ocrx_word' id='word_1_131' title='bbox 1046 2060 1217 2120; x_wconf 85' lang='lat' dir='ltr'>auditorum</span> 
     </span>
     <span class='ocr_line' id='line_1_21' title="bbox 176 2140 1217 2227; baseline -0.008 -19"><span class='ocrx_word' id='word_1_132' title='bbox 176 2149 215 2213; x_wconf 86' lang='lat' dir='ltr'>In</span> <span class='ocrx_word' id='word_1_133' title='bbox 235 2145 295 2208; x_wconf 84' lang='lat' dir='ltr'>hac</span> <span class='ocrx_word' id='word_1_134' title='bbox 326 2147 408 2206; x_wconf 87' lang='lat' dir='ltr'>enim</span> <span class='ocrx_word' id='word_1_135' title='bbox 429 2142 599 2222; x_wconf 88' lang='lat' dir='ltr'>Pompeius</span> <span class='ocrx_word' id='word_1_136' title='bbox 630 2162 667 2201; x_wconf 86' lang='lat' dir='ltr'>ex</span> <span class='ocrx_word' id='word_1_137' title='bbox 723 2141 897 2220; x_wconf 81' lang='lat' dir='ltr'>frequentia</span> <span class='ocrx_word' id='word_1_138' title='bbox 929 2140 976 2201; x_wconf 90' lang='lat' dir='ltr'>ob</span> <span class='ocrx_word' id='word_1_139' title='bbox 1010 2165 1128 2227; x_wconf 61' lang='lat' dir='ltr'>grava</span> <span class='ocrx_word' id='word_1_140' title='bbox 1150 2161 1217 2224; x_wconf 87' lang='lat' dir='ltr'>quae</span> 
     </span>
     <span class='ocr_line' id='line_1_22' title="bbox 177 2225 1216 2298; baseline -0.007 -5"><span class='ocrx_word' id='word_1_141' title='bbox 177 2230 322 2298; x_wconf 84' lang='lat' dir='ltr'>omnibus</span> <span class='ocrx_word' id='word_1_142' title='bbox 336 2227 496 2291; x_wconf 71' lang='lat' dir='ltr'>ordinibus</span> <span class='ocrx_word' id='word_1_143' title='bbox 514 2240 667 2287; x_wconf 87' lang='lat' dir='ltr'>trecentos</span> <span class='ocrx_word' id='word_1_144' title='bbox 724 2229 755 2285; x_wconf 90' lang='lat' dir='ltr'>in</span> <span class='ocrx_word' id='word_1_145' title='bbox 776 2225 923 2285; x_wconf 89' lang='lat' dir='ltr'>iudicium</span> <span class='ocrx_word' id='word_1_146' title='bbox 937 2234 1094 2291; x_wconf 88' lang='lat' dir='ltr'>venirent</span> <span class='ocrx_word' id='word_1_147' title='bbox 1112 2227 1216 2296; x_wconf 79' lang='lat' dir='ltr'>causes,</span> 
     </span>
     <span class='ocr_line' id='line_1_23' title="bbox 172 2310 1215 2397; baseline -0.013 -14"><span class='ocrx_word' id='word_1_148' title='bbox 172 2316 295 2383; x_wconf 72' lang='lat' dir='ltr'>ludices</span> <span class='ocrx_word' id='word_1_149' title='bbox 314 2310 540 2397; x_wconf 74' lang='lat' dir='ltr'>proposuerat,</span> <span class='ocrx_word' id='word_1_150' title='bbox 562 2332 599 2370; x_wconf 83' lang='lat' dir='ltr'>ex</span> <span class='ocrx_word' id='word_1_151' title='bbox 618 2313 667 2371; x_wconf 83' lang='lat' dir='ltr'>iis·</span> <span class='ocrx_word' id='word_1_152' title='bbox 725 2330 807 2391; x_wconf 87' lang='lat' dir='ltr'>quae</span> <span class='ocrx_word' id='word_1_153' title='bbox 831 2312 860 2369; x_wconf 82' lang='lat' dir='ltr'>el</span> <span class='ocrx_word' id='word_1_154' title='bbox 880 2313 1069 2389; x_wconf 79' lang='lat' dir='ltr'>diligentius</span> <span class='ocrx_word' id='word_1_155' title='bbox 1095 2333 1127 2375; x_wconf 92' lang='lat' dir='ltr'>et</span> <span class='ocrx_word' id='word_1_156' title='bbox 1147 2334 1215 2370; x_wconf 86' lang='lat' dir='ltr'>accu-</span> 
     </span>
     <span class='ocr_line' id='line_1_24' title="bbox 178 2392 1216 2487; baseline -0.009 -22"><span class='ocrx_word' id='word_1_157' title='bbox 178 2423 243 2487; x_wconf 89' lang='lat' dir='ltr'>que</span> <span class='ocrx_word' id='word_1_158' title='bbox 266 2403 424 2485; x_wconf 80' lang='lat' dir='ltr'>octoginta</span> <span class='ocrx_word' id='word_1_159' title='bbox 445 2412 475 2455; x_wconf 92' lang='lat' dir='ltr'>et</span> <span class='ocrx_word' id='word_1_160' title='bbox 492 2416 588 2456; x_wconf 88' lang='lat' dir='ltr'>unum</span> <span class='ocrx_word' id='word_1_161' title='bbox 604 2392 669 2457; x_wconf 88' lang='lat' dir='ltr'>sor·</span> <span class='ocrx_word' id='word_1_162' title='bbox 725 2397 817 2453; x_wconf 84' lang='lat' dir='ltr'>ratius</span> <span class='ocrx_word' id='word_1_163' title='bbox 847 2395 971 2457; x_wconf 85' lang='lat' dir='ltr'>dicendi</span> <span class='ocrx_word' id='word_1_164' title='bbox 1010 2397 1216 2461; x_wconf 76' lang='lat' dir='ltr'>necessitatem</span> 
     </span>
     <span class='ocr_line' id='line_1_25' title="bbox 177 2478 1216 2565; baseline -0.012 -15"><span class='ocrx_word' id='word_1_165' title='bbox 177 2493 250 2551; x_wconf 87' lang='lat' dir='ltr'>titur</span> <span class='ocrx_word' id='word_1_166' title='bbox 270 2482 322 2547; x_wconf 77' lang='lat' dir='ltr'>eit</span> <span class='ocrx_word' id='word_1_167' title='bbox 364 2484 408 2544; x_wconf 79' lang='lat' dir='ltr'>Ex</span> <span class='ocrx_word' id='word_1_168' title='bbox 432 2480 477 2542; x_wconf 85' lang='lat' dir='ltr'>his</span> <span class='ocrx_word' id='word_1_169' title='bbox 501 2478 667 2562; x_wconf 79' lang='lat' dir='ltr'>postquam</span> <span class='ocrx_word' id='word_1_170' title='bbox 723 2480 925 2559; x_wconf 79' lang='lat' dir='ltr'>imponebat3</span> <span class='ocrx_word' id='word_1_171' title='bbox 968 2482 1122 2565; x_wconf 87' lang='lat' dir='ltr'>denique</span> <span class='ocrx_word' id='word_1_172' title='bbox 1146 2484 1216 2541; x_wconf 77' lang='lat' dir='ltr'>notis</span> 
     </span>
     <span class='ocr_line' id='line_1_26' title="bbox 167 2566 1215 2647; baseline -0.009 -12"><span class='ocrx_word' id='word_1_173' title='bbox 167 2569 336 2635; x_wconf 79' lang='lat' dir='ltr'>&#39;accusator</span> <span class='ocrx_word' id='word_1_174' title='bbox 358 2584 390 2629; x_wconf 90' lang='lat' dir='ltr'>et</span> <span class='ocrx_word' id='word_1_175' title='bbox 417 2587 487 2627; x_wconf 85' lang='lat' dir='ltr'>reus</span> <span class='ocrx_word' id='word_1_176' title='bbox 512 2570 624 2647; x_wconf 88' lang='lat' dir='ltr'>quinos</span> <span class='ocrx_word' id='word_1_177' title='bbox 648 2587 667 2626; x_wconf 91' lang='lat' dir='ltr'>e</span> <span class='ocrx_word' id='word_1_178' title='bbox 723 2568 835 2645; x_wconf 79' lang='lat' dir='ltr'>legibus</span> <span class='ocrx_word' id='word_1_179' title='bbox 860 2566 1013 2645; x_wconf 85' lang='lat' dir='ltr'>Pompeii</span> <span class='ocrx_word' id='word_1_180' title='bbox 1045 2568 1111 2631; x_wconf 86' lang='lat' dir='ltr'>scil.</span> <span class='ocrx_word' id='word_1_181' title='bbox 1140 2572 1215 2629; x_wconf 91' lang='lat' dir='ltr'>initio</span> 
     </span>
     <span class='ocr_line' id='line_1_27' title="bbox 177 2648 1216 2742; baseline -0.01 -22"><span class='ocrx_word' id='word_1_182' title='bbox 177 2654 299 2742; x_wconf 80' lang='lat' dir='ltr'>lingulis</span> <span class='ocrx_word' id='word_1_183' title='bbox 317 2651 476 2715; x_wconf 71' lang='lat' dir='ltr'>ordinibus</span> <span class='ocrx_word' id='word_1_184' title='bbox 494 2648 665 2725; x_wconf 87' lang='lat' dir='ltr'>eiecissent,</span> <span class='ocrx_word' id='word_1_185' title='bbox 724 2650 897 2712; x_wconf 87' lang='lat' dir='ltr'>consulatus</span> <span class='ocrx_word' id='word_1_186' title='bbox 921 2648 967 2711; x_wconf 89' lang='lat' dir='ltr'>sui</span> <span class='ocrx_word' id='word_1_187' title='bbox 992 2652 1091 2730; x_wconf 86' lang='lat' dir='ltr'>latis;</span> <span class='ocrx_word' id='word_1_188' title='bbox 1116 2654 1216 2736; x_wconf 84' lang='lat' dir='ltr'>quibus</span> 
     </span>
     <span class='ocr_line' id='line_1_28' title="bbox 177 2732 1246 2821; baseline -0.006 -18"><span class='ocrx_word' id='word_1_189' title='bbox 177 2762 257 2804; x_wconf 83' lang='lat' dir='ltr'>unus</span> <span class='ocrx_word' id='word_1_190' title='bbox 277 2755 308 2802; x_wconf 88' lang='lat' dir='ltr'>et</span> <span class='ocrx_word' id='word_1_191' title='bbox 346 2739 546 2821; x_wconf 83' lang='lat' dir='ltr'>uinquaginta</span> <span class='ocrx_word' id='word_1_192' title='bbox 569 2736 667 2797; x_wconf 79' lang='lat' dir='ltr'>relicti</span> <span class='ocrx_word' id='word_1_193' title='bbox 722 2756 836 2798; x_wconf 84' lang='lat' dir='ltr'>novam</span> <span class='ocrx_word' id='word_1_194' title='bbox 851 2751 881 2795; x_wconf 92' lang='lat' dir='ltr'>et</span> <span class='ocrx_word' id='word_1_195' title='bbox 897 2732 1085 2798; x_wconf 85' lang='lat' dir='ltr'>breviorem</span> <span class='ocrx_word' id='word_1_196' title='bbox 1097 2742 1216 2800; x_wconf 91' lang='lat' dir='ltr'>iudicio·</span> <span class='ocrx_word' id='word_1_197' title='bbox 1242 2760 1246 2797; x_wconf 76' lang='lat' dir='ltr'>t</span> 
     </span>
     <span class='ocr_line' id='line_1_29' title="bbox 176 2760 1215 2905; baseline -0.007 -17"><span class='ocrx_word' id='word_1_198' title='bbox 176 2827 269 2898; x_wconf 86' lang='lat' dir='ltr'>sunt,</span> <span class='ocrx_word' id='word_1_199' title='bbox 323 2760 440 2885; x_wconf 48' lang='lat' dir='ltr'>(bivul</span> <span class='ocrx_word' id='word_1_200' title='bbox 490 2819 664 2893; x_wconf 79' lang='lat' dir='ltr'>senatores,</span> <span class='ocrx_word' id='word_1_201' title='bbox 722 2843 790 2882; x_wconf 85' lang='lat' dir='ltr'>rum</span> <span class='ocrx_word' id='word_1_202' title='bbox 810 2821 945 2880; x_wconf 83' lang='lat' dir='ltr'>formant</span> <span class='ocrx_word' id='word_1_203' title='bbox 962 2822 1215 2905; x_wconf 79' lang='lat' dir='ltr'>praescripserat,</span> 
     </span>
     <span class='ocr_line' id='line_1_30' title="bbox 175 2901 1216 2991; baseline -0.008 -17"><span class='ocrx_word' id='word_1_204' title='bbox 175 2911 269 2975; x_wconf 80' lang='lat' dir='ltr'>xvtt</span> <span class='ocrx_word' id='word_1_205' title='bbox 293 2912 430 2991; x_wconf 76' lang='lat' dir='ltr'>equites,</span> <span class='ocrx_word' id='word_1_206' title='bbox 463 2922 495 2968; x_wconf 89' lang='lat' dir='ltr'>et</span> <span class='ocrx_word' id='word_1_207' title='bbox 517 2906 589 2969; x_wconf 81' lang='lat' dir='ltr'>xvi</span> <span class='ocrx_word' id='word_1_208' title='bbox 613 2909 667 2967; x_wconf 89' lang='lat' dir='ltr'>tri·</span> <span class='ocrx_word' id='word_1_209' title='bbox 721 2923 756 2967; x_wconf 90' lang='lat' dir='ltr'>ut</span> <span class='ocrx_word' id='word_1_210' title='bbox 776 2902 847 2986; x_wconf 89' lang='lat' dir='ltr'>post</span> <span class='ocrx_word' id='word_1_211' title='bbox 867 2901 957 2966; x_wconf 85' lang='lat' dir='ltr'>tester</span> <span class='ocrx_word' id='word_1_212' title='bbox 986 2908 1094 2969; x_wconf 83' lang='lat' dir='ltr'>tribus</span> <span class='ocrx_word' id='word_1_213' title='bbox 1117 2908 1216 2969; x_wconf 86' lang='lat' dir='ltr'>diebus</span> 
     </span>
     <span class='ocr_line' id='line_1_31' title="bbox 176 2987 1248 3075; baseline -0.004 -20"><span class='ocrx_word' id='word_1_214' title='bbox 176 2997 254 3060; x_wconf 78' lang='lat' dir='ltr'>huni</span> <span class='ocrx_word' id='word_1_215' title='bbox 277 2996 395 3053; x_wconf 73' lang='lat' dir='ltr'>aerarii.</span> <span class='ocrx_word' id='word_1_216' title='bbox 438 2987 559 3055; x_wconf 81' lang='lat' dir='ltr'>Manat.</span> <span class='ocrx_word' id='word_1_217' title='bbox 723 2994 870 3064; x_wconf 89' lang='lat' dir='ltr'>auditos,</span> <span class='ocrx_word' id='word_1_218' title='bbox 922 3010 991 3053; x_wconf 91' lang='lat' dir='ltr'>uno</span> <span class='ocrx_word' id='word_1_219' title='bbox 1038 2994 1248 3075; x_wconf 86' lang='lat' dir='ltr'>eodemque&#39;</span> 
     </span>
     <span class='ocr_line' id='line_1_32' title="bbox 220 3072 1216 3160; baseline 0 -23"><span class='ocrx_word' id='word_1_220' title='bbox 220 3080 408 3139; x_wconf 83' lang='lat' dir='ltr'>multitudine</span> <span class='ocrx_word' id='word_1_221' title='bbox 425 3088 455 3136; x_wconf 86' lang='lat' dir='ltr'>et</span> <span class='ocrx_word' id='word_1_222' title='bbox 476 3072 665 3160; x_wconf 77' lang='lat' dir='ltr'>celebritate]</span> <span class='ocrx_word' id='word_1_223' title='bbox 723 3079 774 3137; x_wconf 90' lang='lat' dir='ltr'>die</span> <span class='ocrx_word' id='word_1_224' title='bbox 805 3074 844 3135; x_wconf 89' lang='lat' dir='ltr'>ab</span> <span class='ocrx_word' id='word_1_225' title='bbox 872 3074 1060 3139; x_wconf 73' lang='lat' dir='ltr'>accusatore</span> <span class='ocrx_word' id='word_1_226' title='bbox 1101 3095 1136 3140; x_wconf 92' lang='lat' dir='ltr'>et</span> <span class='ocrx_word' id='word_1_227' title='bbox 1168 3097 1216 3138; x_wconf 88' lang='lat' dir='ltr'>reo</span> 
     </span>
     <span class='ocr_line' id='line_1_33' title="bbox 175 3154 1250 3246; baseline 0.003 -22"><span class='ocrx_word' id='word_1_228' title='bbox 175 3163 282 3246; x_wconf 75' lang='lat' dir='ltr'>,Vulgo</span> <span class='ocrx_word' id='word_1_229' title='bbox 304 3160 346 3225; x_wconf 84' lang='lat' dir='ltr'>esl</span> <span class='ocrx_word' id='word_1_230' title='bbox 368 3164 398 3220; x_wconf 84' lang='lat' dir='ltr'>in</span> <span class='ocrx_word' id='word_1_231' title='bbox 424 3164 612 3222; x_wconf 67' lang='lat' dir='ltr'>inuititudiue</span> <span class='ocrx_word' id='word_1_232' title='bbox 636 3173 667 3220; x_wconf 84' lang='lat' dir='ltr'>et</span> <span class='ocrx_word' id='word_1_233' title='bbox 722 3164 1217 3243; x_wconf 76' lang='lat' dir='ltr'>peroraretu13quodindesen·</span> <span class='ocrx_word' id='word_1_234' title='bbox 1245 3154 1250 3227; x_wconf 93' lang='lat' dir='ltr'>l</span> 
     </span>
     <span class='ocr_line' id='line_1_34' title="bbox 178 3234 1249 3332; baseline -0.001 -24"><span class='ocrx_word' id='word_1_235' title='bbox 178 3253 264 3309; x_wconf 85' lang='lat' dir='ltr'>celeb.</span> <span class='ocrx_word' id='word_1_236' title='bbox 317 3248 378 3309; x_wconf 87' lang='lat' dir='ltr'>Sed</span> <span class='ocrx_word' id='word_1_237' title='bbox 403 3241 505 3309; x_wconf 82' lang='lat' dir='ltr'>deleri</span> <span class='ocrx_word' id='word_1_238' title='bbox 524 3250 554 3306; x_wconf 84' lang='lat' dir='ltr'>in</span> <span class='ocrx_word' id='word_1_239' title='bbox 578 3246 667 3330; x_wconf 88' lang='lat' dir='ltr'>quod</span> <span class='ocrx_word' id='word_1_240' title='bbox 723 3245 792 3308; x_wconf 88' lang='lat' dir='ltr'>soro</span> <span class='ocrx_word' id='word_1_241' title='bbox 813 3243 994 3325; x_wconf 86' lang='lat' dir='ltr'>praesertim</span> <span class='ocrx_word' id='word_1_242' title='bbox 1017 3269 1216 3332; x_wconf 72' lang='lat' dir='ltr'>magnaura</span> <span class='ocrx_word' id='word_1_243' title='bbox 1246 3234 1249 3247; x_wconf 61' lang='lat'><strong>¹</strong></span> 
     </span>
     <span class='ocr_line' id='line_1_35' title="bbox 175 3327 1216 3410; baseline -0.003 -15"><span class='ocrx_word' id='word_1_244' title='bbox 175 3333 333 3396; x_wconf 83' lang='lat' dir='ltr'>Victorius</span> <span class='ocrx_word' id='word_1_245' title='bbox 350 3332 468 3393; x_wconf 89' lang='lat' dir='ltr'>addidit</span> <span class='ocrx_word' id='word_1_246' title='bbox 483 3354 500 3392; x_wconf 90' lang='lat' dir='ltr'>e</span> <span class='ocrx_word' id='word_1_247' title='bbox 515 3334 575 3394; x_wconf 87' lang='lat' dir='ltr'>Ms.</span> <span class='ocrx_word' id='word_1_248' title='bbox 592 3334 663 3393; x_wconf 87' lang='lat' dir='ltr'>Vat.</span> <span class='ocrx_word' id='word_1_249' title='bbox 719 3344 865 3410; x_wconf 84' lang='lat' dir='ltr'>tempora</span> <span class='ocrx_word' id='word_1_250' title='bbox 885 3327 1014 3392; x_wconf 86' lang='lat' dir='ltr'>dicendi</span> <span class='ocrx_word' id='word_1_251' title='bbox 1037 3334 1216 3395; x_wconf 75' lang='lat' dir='ltr'>facultatem</span> 
     </span>
     <span class='ocr_line' id='line_1_36' title="bbox 175 3415 909 3497; baseline -0.011 -16"><span class='ocrx_word' id='word_1_252' title='bbox 175 3415 228 3489; x_wconf 83' lang='lat' dir='ltr'>Est</span> <span class='ocrx_word' id='word_1_253' title='bbox 248 3435 280 3480; x_wconf 88' lang='lat' dir='ltr'>et</span> <span class='ocrx_word' id='word_1_254' title='bbox 304 3423 336 3478; x_wconf 88' lang='lat' dir='ltr'>in</span> <span class='ocrx_word' id='word_1_255' title='bbox 358 3418 418 3479; x_wconf 86' lang='lat' dir='ltr'>Ga.</span> <span class='ocrx_word' id='word_1_256' title='bbox 438 3437 462 3477; x_wconf 88' lang='lat' dir='ltr'>r.</span> <span class='ocrx_word' id='word_1_257' title='bbox 494 3416 545 3477; x_wconf 89' lang='lat' dir='ltr'>sed</span> <span class='ocrx_word' id='word_1_258' title='bbox 565 3417 663 3477; x_wconf 88' lang='lat' dir='ltr'>altero</span> <span class='ocrx_word' id='word_1_259' title='bbox 719 3415 909 3497; x_wconf 86' lang='lat' dir='ltr'>requirebat.</span> 
     </span>
     <span class='ocr_line' id='line_1_37' title="bbox 175 3499 1252 3585; baseline -0.004 -20"><span class='ocrx_word' id='word_1_260' title='bbox 175 3519 296 3565; x_wconf 83' lang='lat' dir='ltr'>etmeo</span> <span class='ocrx_word' id='word_1_261' title='bbox 312 3499 404 3564; x_wconf 83' lang='lat' dir='ltr'>abest.</span> <span class='ocrx_word' id='word_1_262' title='bbox 440 3504 573 3578; x_wconf 81' lang='lat' dir='ltr'>distineri</span> <span class='ocrx_word' id='word_1_263' title='bbox 586 3521 665 3565; x_wconf 87' lang='lat' dir='ltr'>nun·</span> <span class='ocrx_word' id='word_1_264' title='bbox 763 3521 799 3559; x_wconf 83' lang='lat' dir='ltr'>nc</span> <span class='ocrx_word' id='word_1_265' title='bbox 823 3499 1045 3585; x_wconf 80' lang='lat' dir='ltr'>intercaletur]</span> <span class='ocrx_word' id='word_1_266' title='bbox 1069 3521 1116 3562; x_wconf 86' lang='lat' dir='ltr'>ne</span> <span class='ocrx_word' id='word_1_267' title='bbox 1140 3521 1216 3562; x_wconf 85' lang='lat' dir='ltr'>rnen·</span> <span class='ocrx_word' id='word_1_268' title='bbox 1249 3510 1252 3523; x_wconf 93' lang='lat'>&#39;</span> 
     </span>
     <span class='ocr_line' id='line_1_38' title="bbox 175 3582 1216 3671; baseline -0.001 -22"><span class='ocrx_word' id='word_1_269' title='bbox 175 3608 271 3671; x_wconf 83' lang='lat' dir='ltr'>quarn</span> <span class='ocrx_word' id='word_1_270' title='bbox 287 3609 355 3649; x_wconf 88' lang='lat' dir='ltr'>curn</span> <span class='ocrx_word' id='word_1_271' title='bbox 372 3589 401 3646; x_wconf 83' lang='lat' dir='ltr'>iu</span> <span class='ocrx_word' id='word_1_272' title='bbox 417 3586 536 3648; x_wconf 89' lang='lat' dir='ltr'>dicitur.</span> <span class='ocrx_word' id='word_1_273' title='bbox 552 3588 666 3649; x_wconf 84' lang='lat' dir='ltr'>Ortum</span> <span class='ocrx_word' id='word_1_274' title='bbox 721 3582 753 3648; x_wconf 86' lang='lat' dir='ltr'>se</span> <span class='ocrx_word' id='word_1_275' title='bbox 774 3583 941 3646; x_wconf 87' lang='lat' dir='ltr'>Decembri</span> <span class='ocrx_word' id='word_1_276' title='bbox 965 3606 984 3645; x_wconf 88' lang='lat' dir='ltr'>a</span> <span class='ocrx_word' id='word_1_277' title='bbox 1016 3585 1216 3666; x_wconf 85' lang='lat' dir='ltr'>pontificibus</span> 
     </span>
     <span class='ocr_line' id='line_1_39' title="bbox 174 3669 1216 3756; baseline -0.004 -22"><span class='ocrx_word' id='word_1_278' title='bbox 174 3671 221 3734; x_wconf 79' lang='lat' dir='ltr'>est</span> <span class='ocrx_word' id='word_1_279' title='bbox 234 3678 265 3734; x_wconf 91' lang='lat' dir='ltr'>in</span> <span class='ocrx_word' id='word_1_280' title='bbox 276 3671 459 3756; x_wconf 79' lang='lat' dir='ltr'>quiburdans</span> <span class='ocrx_word' id='word_1_281' title='bbox 471 3672 555 3733; x_wconf 87' lang='lat' dir='ltr'>libris</span> <span class='ocrx_word' id='word_1_282' title='bbox 572 3675 666 3749; x_wconf 87' lang='lat' dir='ltr'>epri-</span> <span class='ocrx_word' id='word_1_283' title='bbox 722 3670 786 3732; x_wconf 86' lang='lat' dir='ltr'>dies</span> <span class='ocrx_word' id='word_1_284' title='bbox 822 3669 943 3749; x_wconf 87' lang='lat' dir='ltr'>aliquot</span> <span class='ocrx_word' id='word_1_285' title='bbox 989 3674 1216 3735; x_wconf 78' lang='lat' dir='ltr'>intercalantur</span> 
     </span>
     <span class='ocr_line' id='line_1_40' title="bbox 174 3750 1215 3839; baseline -0.007 -19"><span class='ocrx_word' id='word_1_286' title='bbox 174 3776 227 3820; x_wconf 85' lang='lat' dir='ltr'>rna</span> <span class='ocrx_word' id='word_1_287' title='bbox 256 3758 343 3819; x_wconf 87' lang='lat' dir='ltr'>litera</span> <span class='ocrx_word' id='word_1_288' title='bbox 375 3757 461 3816; x_wconf 84' lang='lat' dir='ltr'>verbi</span> <span class='ocrx_word' id='word_1_289' title='bbox 493 3756 664 3839; x_wconf 82' lang='lat' dir='ltr'>sequentis,</span> <span class='ocrx_word' id='word_1_290' title='bbox 722 3756 851 3837; x_wconf 84' lang='lat' dir='ltr'>diesque</span> <span class='ocrx_word' id='word_1_291' title='bbox 866 3750 950 3826; x_wconf 88' lang='lat' dir='ltr'>sesti,</span> <span class='ocrx_word' id='word_1_292' title='bbox 969 3756 1092 3834; x_wconf 86' lang='lat' dir='ltr'>quibus</span> <span class='ocrx_word' id='word_1_293' title='bbox 1111 3761 1215 3819; x_wconf 80' lang='lat' dir='ltr'>Cicero</span> 
     </span>
     <span class='ocr_line' id='line_1_41' title="bbox 175 3835 1215 3918; baseline -0.006 -14"><span class='ocrx_word' id='word_1_294' title='bbox 175 3859 211 3904; x_wconf 86' lang='lat' dir='ltr'>ut</span> <span class='ocrx_word' id='word_1_295' title='bbox 226 3840 307 3905; x_wconf 87' lang='lat' dir='ltr'>alibi.</span> <span class='ocrx_word' id='word_1_296' title='bbox 331 3835 457 3918; x_wconf 78' lang='lat' dir='ltr'>Ernesti.</span> <span class='ocrx_word' id='word_1_297' title='bbox 721 3839 800 3901; x_wconf 89' lang='lat' dir='ltr'>urbe</span> <span class='ocrx_word' id='word_1_298' title='bbox 828 3838 932 3900; x_wconf 82' lang='lat' dir='ltr'>relicta</span> <span class='ocrx_word' id='word_1_299' title='bbox 955 3840 1048 3903; x_wconf 85' lang='lat' dir='ltr'>villas</span> <span class='ocrx_word' id='word_1_300' title='bbox 1079 3843 1171 3905; x_wconf 88' lang='lat' dir='ltr'>obire</span> <span class='ocrx_word' id='word_1_301' title='bbox 1190 3860 1215 3901; x_wconf 84' lang='lat' dir='ltr'>ct</span> 
     </span>
     <span class='ocr_line' id='line_1_42' title="bbox 219 3922 1214 4013; baseline 0.002 -28"><span class='ocrx_word' id='word_1_302' title='bbox 219 3928 262 3986; x_wconf 83' lang='lat' dir='ltr'>ita</span> <span class='ocrx_word' id='word_1_303' title='bbox 284 3924 480 4010; x_wconf 70' lang='lat' dir='ltr'>distinemur]</span> <span class='ocrx_word' id='word_1_304' title='bbox 507 3925 665 4007; x_wconf 74' lang='lat' dir='ltr'>Magnitu·</span> <span class='ocrx_word' id='word_1_305' title='bbox 721 3926 856 3987; x_wconf 77' lang='lat' dir='ltr'>Marium</span> <span class='ocrx_word' id='word_1_306' title='bbox 898 3922 1035 3990; x_wconf 86' lang='lat' dir='ltr'>invisere</span> <span class='ocrx_word' id='word_1_307' title='bbox 1076 3944 1214 4013; x_wconf 86' lang='lat' dir='ltr'>poterat,</span> 
     </span>
     <span class='ocr_line' id='line_1_43' title="bbox 172 4006 944 4095; baseline -0.003 -20"><span class='ocrx_word' id='word_1_308' title='bbox 172 4006 281 4081; x_wconf 53' lang='lat' dir='ltr'>&amp;linem</span> <span class='ocrx_word' id='word_1_309' title='bbox 309 4014 524 4095; x_wconf 82' lang='lat' dir='ltr'>occupationis</span> <span class='ocrx_word' id='word_1_310' title='bbox 552 4011 664 4072; x_wconf 86' lang='lat' dir='ltr'>Cicero</span> <span class='ocrx_word' id='word_1_311' title='bbox 721 4024 944 4095; x_wconf 81' lang='lat' dir='ltr'>prorogentur.</span> 
     </span>
    </p>
   </div>
   <div class='ocr_carea' id='block_1_8' title="bbox 532 4164 856 4188">
    <p class='ocr_par' dir='ltr' id='par_1_8' title="bbox 532 4164 856 4188">
     <span class='ocr_line' id='line_1_44' title="bbox 532 4164 856 4188; baseline -0.003 -4"><span class='ocrx_word' id='word_1_312' title='bbox 532 4164 856 4188; x_wconf 55' lang='lat' dir='ltr'>aun-*-</span> 
     </span>
    </p>
   </div>
   <div class='ocr_carea' id='block_1_9' title="bbox 0 0 1258 4808">
    <p class='ocr_par' dir='ltr' id='par_1_9' title="bbox 0 0 1258 4808">
     <span class='ocr_line' id='line_1_45' title="bbox 0 0 1258 4808; baseline 0 1"><span class='ocrx_word' id='word_1_313' title='bbox 0 0 1258 4808; x_wconf 95' lang='lat' dir='ltr'> </span> 
     </span>
    </p>
   </div>
  </div>
 </body>
</html>
