2506 4808
283 315 572 402 EPISTOLA
595 352 599 359 ·
622 316 855 387 CLXXIII·
1021 329 1085 404 345

137 507 171 573 Τ
175 531 196 573 u
226 529 280 572 me
302 505 401 573 velim
423 505 466 572 de
497 513 628 574 ratione
650 502 771 570 Gallici
796 503 876 570 belli
903 511 1116 571 certiorema

55 610 170 677 facias.
214 609 285 693 Ego
307 614 399 674 enim
421 605 628 696 ignavissimo
647 610 768 688 cuique
784 613 965 672 maximam
986 606 1090 673 fidem

56 709 177 775 habeo.
240 708 331 783 Sed,
363 720 402 775 ut
431 709 473 773 ad
498 707 651 795 epistolas
682 720 758 772 tuas
783 708 938 782 redeam,
973 724 1091 776 cetera

58 809 161 879 belle:
182 809 267 877 illud
284 816 403 876 miror.
447 808 534 899 Quis
555 807 639 874 solet
660 807 782 873 eodem
801 810 956 896 exemplo
972 809 1089 897 plures

58 914 158 986 dare,
180 918 236 996 qui
253 911 308 978 sua
320 932 422 976 manu
435 906 570 977 scribit?
592 909 680 975 Nam
693 909 784 991 quod
810 914 846 975 in
861 911 1093 999 palimpsesto,

58 1015 165 1100 laudov
176 1013 331 1097 equidem
346 1007 590 1098 parfimoniam.
618 1009 707 1104 Sed
723 1018 849 1088 miror,
874 1012 955 1095 quid
975 1019 1011 1078 in
1033 1013 1090 1081 illa

61 1114 214 1194 chartula
236 1114 363 1188 fuerit,
387 1113 477 1196 quod
498 1113 612 1178 delere
629 1111 808 1188 nralueris,
830 1112 887 1180 nisi
909 1116 1000 1180 sorte
1015 1128 1094 1183 tuas

57 1218 234 1284 formulas.
277 1215 357 1280 No'n
380 1220 472 1282 enim
494 1226 577 1300 puto
603 1226 754 1280 taureas
782 1213 935 1302 epistolas
959 1215 1092 1291 (lesere,

62 1332 100 1388 ut
119 1337 265 1406 reponas
288 1330 379 1391 tuost
419 1315 480 1383 An
500 1313 567 1380 hoc
591 1311 779 1402 significaS,
793 1314 880 1382 nihil
894 1312 1000 1389 sileri?
1035 1318 1095 1383 iri·

60 1441 141 1507 gere
163 1417 223 1484 te?
259 1440 303 1485 ne
325 1415 477 1484 chartam
498 1415 635 1499 quidem
668 1416 732 1482 tibi
753 1415 987 1506 suppeditare?
1022 1420 1094 1486 Iam

60 1518 124 1587 ista
146 1531 205 1586 tua
225 1518 322 1605 culpa
344 1517 409 1592 est,
429 1523 486 1601 qui
510 1519 749 1588 verecundiam
771 1530 886 1584 tecum
908 1518 1094 1594 extuleris,

61 1634 96 1686 et
109 1618 446 1689 nonhicnobiscum
461 1618 651 1702 reliqueris.
693 1621 766 1708 Ego
789 1631 823 1683 te
841 1618 966 1692 Balbo,
989 1642 1094 1704 quum

63 1723 104 1790 ad
134 1742 193 1791 vos
228 1717 480 1827 proficiscetur,
519 1741 617 1784 more
645 1717 801 1787 Romano
832 1723 1092 1789 commendabo.

63 1993 234 2077 sicquidem
263 2007 298 2051 tu
321 1986 549 2072 perseipsum
606 1987 662 2071 plo
685 1984 772 2050 suilla
793 1985 935 2072 scriptas,
953 1988 1098 2055 haudesi

64 2077 185 2139 Caesari
203 2075 285 2136 haud
307 2073 373 2134 satis
394 2093 550 2134 commen·
607 2073 763 2135 credibile.

64 2165 155 2234 daris,
176 2160 550 2245 egotibilevem,inanern
651 2163 681 2219 in
708 2155 920 2243 palimpsesto]
954 2156 981 2217 h.
1006 2180 1032 2220 e.
1064 2163 1097 2223 in

64 2239 104 2310 et
118 2268 228 2329 parurn
242 2245 334 2305 fidam
354 2244 551 2304 commenda·
607 2250 807 2313 membrana,
829 2243 849 2301 s.
868 2242 972 2302 charta
987 2265 1098 2329 porga.

24 2330 29 2338 ’
64 2338 183 2394 tionem
216 2329 291 2391 mifi.
334 2330 448 2406 Neque
476 2348 551 2387 vcro
608 2339 717 2398 meria,
758 2334 789 2392 in
814 2348 875 2406 qua
902 2334 1009 2408 priore
1031 2329 1098 2391 seri·

64 2414 224 2500 oppositio
247 2413 283 2476 fit
305 2411 425 2475 nocella
447 2411 488 2473 est
507 2417 552 2472 in·
610 2412 1097 2495 pturadeleta,aliudinscribitur.

65 2518 114 2563 ter
147 2501 224 2564 haec
256 2500 349 2560 verba
382 2501 554 2579 graeculum
653 2501 730 2575 quod
775 2501 874 2555 delere
928 2500 1099 2586 anasuaris]
1173 2520 1176 2525 ·

41 2590 247 2656 -aautionem‚
286 2600 317 2644 et
341 2604 481 2665 eaquae
510 2581 555 2644 lat
613 2584 708 2664 Quod
729 2582 822 2665 vulgo
849 2581 989 2643 additur:
1014 2607 1101 2662 quam

64 2692 181 2755 magno
209 2669 372 2734 intervallo
408 2666 478 2746 post
512 2668 555 2727 sa-
611 2672 681 2731 haec
699 2669 846 2744 scribere,
885 2669 1121 2742 deLambini‚·

66 2773 222 2840 quantur,
249 2776 343 2837 quum
368 2753 457 2814 dicit:
488 2775 554 2832 ,ego
613 2755 784 2825 Gronovii,
808 2753 951 2825 Graevii,
973 2754 1101 2817 Ernestii

67 2855 97 2903 te
116 2839 206 2911 Balbo
223 2864 306 2900 rnore
323 2837 459 2901 Romano
478 2860 555 2897 eom·
612 2837 760 2900 sententia
797 2836 922 2897 resecui.
989 2840 1101 2920 Inepta

65 2931 217 2988 mandabo.
612 2928 693 2984 enim
713 2920 755 2982 est
772 2922 976 3001 appendicula
993 2924 1104 3007 glossa.

110 3007 556 3094 2.ignavsffirno-stabeo]lo·
613 3013 699 3071 toris.
742 3010 823 3087 quod
844 3010 943 3063 delere
963 3014 1103 3070 ›ualuerss
1159 3009 1160 3013 ¹

67 3117 121 3158 cna
135 3101 169 3157 in
181 3095 381 3166 Trebatium,
397 3092 555 3154 hominem
614 3093 675 3155 scil.
702 3113 796 3172 quam
819 3090 1016 3171 asscriptum
1037 3113 1105 3160 erat

65 3201 133 3245 non
148 3178 558 3253 militarem3ceterumsub·
615 3174 783 3247 asservare,
820 3191 852 3236 et
879 3175 1039 3254 epistolam
1063 3183 1105 3243 ad

66 3264 112 3328 ast
142 3265 259 3345 aliquid
288 3268 361 3322 veri.
400 3265 497 3341 *Nam
525 3263 558 3322 id
614 3265 795 3344 mosronia
813 3258 1029 3340 palimpsesto,
1052 3266 1106 3330 sed

67 3372 165 3438 genus
180 3349 342 3409 hominurn
364 3367 430 3408 non
448 3352 558 3408 minuit
614 3352 645 3408 in
661 3367 742 3407 nova
758 3345 860 3406 charta
880 3345 1019 3410 scribere.

67 3436 253 3520 periculum.
304 3429 431 3510 Ernesti·
658 3443 690 3488 ut
712 3451 837 3505 reponas
858 3431 1028 3516 tnaanon
1051 3439 1107 3497 tm,

67 3550 71 3574 ;
113 3525 174 3597 qais
192 3517 294 3600 solet]
314 3519 399 3578 Inter
414 3514 558 3598 epistolas
608 3517 760 3592 forumlos
783 3533 818 3576 ut
837 3518 997 3580 Manutius
1015 3537 1109 3601 puta·

71 3607 255 3666 aTrebatio
292 3618 433 3682 acceptas
469 3601 560 3660 binae
617 3605 688 3674 bat,
712 3600 933 3676 sedrpistolas.

70 3690 195 3750 suerunt
211 3689 325 3748 eodem
339 3687 482 3766 exemplo
495 3686 561 3745 scri·
660 3685 891 3770 verecundiam]
935 3707 997 3766 qua
1034 3710 1109 3772 arga

66 3791 161 3854 pase:
182 3779 326 3833 nimirum
349 3793 406 3851 per
421 3791 560 3832 errorem
619 3771 780 3831 Caesarem
798 3776 910 3839 utens,
934 3793 1028 3850 quern
1052 3797 1112 3853 po.

71 3858 235 3919 Trebatius
261 3855 440 3937 epistolant,
472 3877 509 3916 ac
525 3852 561 3914 sr-
618 3861 679 3916 tius
699 3857 797 3936 paulo
819 3855 1030 3934 impudentius
1051 3858 1112 3922 sol·

72 3942 137 4004 mul
166 3946 234 4002 eius
261 3939 480 4024 apographum
505 3943 561 3999 mi·
618 3941 736 4003 licitare
759 3941 907 4001 debebas.

72 4027 159 4088 serat.
202 4029 283 4084 Nam
300 4047 428 4097 omnes,
452 4026 562 4084 utMa·
661 4049 745 4084 more
768 4024 925 4109 Romano]
950 4030 969 4088 i.
992 4046 1021 4088 ο.
1044 4025 1114 4093 dili-

72 4117 176 4177 nutius
196 4125 305 4193 putat,
327 4111 441 4173 eodem
461 4130 564 4173 exem·
620 4110 793 4198 gantiffima
806 4127 838 4176 et
850 4109 1034 4200 gravissime·
