2506 4808
354 316 646 389 nrrs‘rona
702 311 798 388 0112
1051 333 1093 408 6⁵

55 507 190 579 talaris,
211 510 246 572 ei
267 507 396 581 audax,
421 507 576 572 Vatinius
594 504 689 573 valde
714 509 955 596 perturbatuS,
979 513 1093 582 debili·

55 621 217 691 tatusque
233 608 390 673 discesit.
444 657 447 664 .

164 707 313 800 Quintus
336 723 432 781 tuus,
461 698 548 794 puin
570 712 738 794 optimus,
769 711 924 775 eruditur
946 721 1122 800 egregiez

54 809 135 876 Hoc
157 831 249 874 nunc
270 817 377 900 magis
403 810 653 882 animadverto,
675 812 766 894 quod
787 810 968 904 Tyrannio
993 820 1095 881 docet

55 911 147 1001 apud
167 933 235 974 me.
319 903 322 910 ¹

162 1012 297 1077 Domus
326 1018 504 1096 utriusque
538 1009 689 1076 nostrum
720 1011 915 1079 aedificatur
941 1013 1120 1094 strenue3

56 1113 282 1200 Redemptori
313 1127 374 1178 tuo
404 1115 580 1179 dimidium
613 1119 775 1201 pecuniae
806 1122 930 1181 curavi.
976 1116 1089 1202 Spero

54 1236 121 1279 nos
139 1227 216 1277 ante
231 1213 376 1278 hiemem
393 1216 653 1280 contubernales
673 1216 759 1279 fore.

157 1315 211 1405 De
242 1314 353 1379 nostra
377 1313 510 1391 Tullia,
553 1322 603 1380 tui
634 1315 827 1380 mehercule
853 1314 1119 1414 amantissnna‚4

55 1411 155 1501 spero
170 1439 246 1479 cum
263 1414 455 1504 Crassipede
473 1441 536 1483 nos
557 1417 747 1484 confecisse.
792 1417 876 1482 Dies
893 1431 989 1481 erant
1004 1408 1088 1495 duo,

56 1522 115 1599 qui
129 1515 204 1604 post
220 1519 356 1583 Latinas
372 1516 540 1584 habentur
556 1517 715 1606 religi0s15
740 1530 910 1591 ceterum,
931 1527 989 1603 qui
1012 1544 1092 1588 con·
1150 1594 1152 1599 ⁴

53 1617 184 1683 fectum
202 1631 273 1683 erat
289 1618 421 1693 Latiar,
443 1633 515 1682 erat
532 1625 698 1684 exiturus.

436 1843 713 1861 *m

97 1991 125 2034 a.
155 1967 328 2057 Tyrannio]
349 1977 431 2038 Vide
455 1977 546 2061 supra
644 1987 772 2034 aeteram
787 1973 1091 2056 quieoafeciumerat
1191 1970 1200 1983 ⁹

56 2077 109 2138 ep.
123 2072 174 2132 52·
197 2062 281 2136 (An.
301 2063 336 2119 ll·
361 2065 409 2142 6.)
433 2069 464 2126 it.
494 2085 544 2147 ep.
606 2057 712 2118 Latiar
728 2073 794 2118 erat
808 2062 964 2146 exiturus]
985 2067 1089 2148 Vulgo

55 2156 107 2225 98.
131 2148 185 2218 (ad
204 2151 264 2204 Ait.
281 2145 334 2208 IV.
354 2152 399 2225 4.)
558 2202 574 2237 9
602 2146 770 2209 edebatur:
800 2162 928 2205 aeterum
949 2153 1002 2229 qui
1024 2167 1089 2207 caa-¹

56 2228 62 2237 '
98 2229 201 2285 doinus
219 2231 367 2306 utriusque
391 2234 544 2318 nastrum]
593 2230 714 2299 fecium
748 2240 822 2294 erat.
882 2230 988 2291 Latiar
1025 2247 1091 2293 erat

53 2315 296 2395 NempeQuinti
313 2319 471 2379 Ciceronis
488 2323 544 2380 do·
602 2318 746 2373 exiturus.
790 2317 876 2376 Haec
904 2318 1092 2399 corruptiffi·

54 2418 123 2459 mur
152 2402 183 2457 in
206 2400 324 2460 Palatio
357 2419 423 2464 erat
444 2407 545 2465 Marci
601 2423 652 2460 rna
673 2416 704 2460 et
724 2419 828 2480 prope
845 2400 1012 2480 'desperata
1036 2403 1092 2466 ha·
1148 2409 1151 2414 ’

56 2483 339 2567 domniconrigua.
601 2485 737 2544 buerunt
764 2490 819 2544 viri
856 2489 960 2562 docti,
1006 2504 1090 2549 certa

98 2581 128 2647 a.
156 2570 246 2643 spero
276 2592 341 2627 cum
370 2568 560 2648 Crassipede]
600 2591 695 2651 parva
707 2591 774 2628 cum
791 2569 844 2650 spe
860 2586 1017 2632 tentarunt
1029 2594 1089 2652 pro

56 2673 109 2711 nos
136 2654 309 2739 confecisse]
355 2654 382 2718 h.
411 2678 437 2716 e.
469 2657 545 2716 nihil
601 2668 730 2713 ceterum
755 2658 826 2734 qui,
854 2657 956 2716 secere
980 2669 1090 2716 cetero·

35 2796 42 2801 ,,
54 2741 208 2817 impedire
218 2762 282 2818 qno
295 2745 391 2800 miuus
402 2741 461 2802 filia
471 2763 545 2802 mox
600 2744 650 2820 qai
662 2740 769 2798 vulnus
783 2741 910 2800 vulnere
922 2760 1089 2824 augentes:

54 2824 149 2883 Furio
179 2824 349 2904 Crassipedi
381 2825 545 2906 desponse-
601 2825 713 2885 deinde
735 2825 893 2885 Manutius
916 2829 1009 2888 verba
1037 2827 1089 2887 illa

55 2909 543 2992 tunidquodsactumesseprid.
601 2907 765 2978 confectam
799 2922 864 2968 erat
900 2917 1012 2989 accipit
1049 2914 1090 2972 de

54 3012 121 3054 non
138 2999 212 3073 Apr.
236 2997 415 3078 intelligitur
435 3018 472 3056 ex
493 3019 543 3078 ep.
600 2992 790 3072 sponsalibus
830 2993 1015 3074 Crassipedis
1058 3013 1091 3058 et

59 3092 130 3150 103.
151 3080 213 3152 (ad
230 3081 269 3157 Q.
289 3081 335 3141 Fr.
352 3081 388 3139 is.
410 3082 462 3159 5.)
598 3078 737 3155 Tulline;
760 3075 868 3158 postea
892 3087 1018 3157 reponit
1040 3083 1090 3142 vel

98 3164 159 3219 aies
176 3163 351 3246 eraatduo]
373 3171 430 3228 ic.
448 3186 543 3245 quum
602 3160 741 3221 Lucceius
779 3175 845 3219 erat
873 3169 1008 3223 exituras
1040 3167 1090 3226 vel

55 3245 133 3306 haec
148 3246 472 3309 scribebaminstabant
490 3253 544 3309 nd·
598 3245 975 3318 confectumeratLatiare.
997 3247 1091 3308 Eram

54 3331 117 3391 hue
142 3334 207 3392 dies
229 3335 309 3401 dno,
333 3340 384 3411 qni
409 3333 477 3412 post
502 3337 542 3394 se«
599 3339 757 3400 exiturum
790 3332 902 3413 quibus
933 3342 1091 3397 coniecta·

54 3424 114 3476 rias
144 3419 264 3477 Latinas
294 3419 446 3478 habentur
476 3421 545 3479 reii-
598 3429 637 3478 ris
653 3417 781 3493 epistola
798 3419 875 3476 sexta
892 3417 935 3496 (h.
948 3422 1091 3499 edundi.)

56 3499 149 3585 ginsr,
190 3519 223 3561 ui
248 3503 320 3562 nihil
347 3501 406 3562 five
436 3509 544 3584 privati
600 3504 795 3564 occasionem
826 3504 923 3562 dedit.
967 3506 1090 3564 Lumbi·

55 3589 116 3645 five
133 3588 249 3664 publici
266 3594 383 3670 negotii
397 3594 431 3647 iis
448 3595 544 3648 maio·
598 3609 656 3650 nus
689 3587 805 3643 Latiari
840 3600 907 3645 erat
944 3594 1090 3650 exituras.

55 3676 94 3730 iia
119 3678 267 3731 incruenti
292 3675 378 3753 quod
404 3672 455 3742 srt,
478 3674 544 3733 fieri
600 3674 634 3732 C.
664 3673 825 3734 Baulrius:
858 3685 988 3731 ceteram
1017 3695 1089 3756 qua·

55 3753 158 3836 passu.
178 3759 180 3763 ⁴
204 3757 240 3815 Id
265 3761 374 3817 Cicero
409 3761 543 3818 adiicere
591 3759 621 3832 fi
651 3757 816 3826 confectum
846 3770 922 3814 erat.
968 3756 1090 3816 Laetior

55 3842 194 3908 viderur,
229 3860 264 3900 ut
286 3842 430 3926 significet
454 3841 543 3921 spon·
600 3845 657 3899 erit
669 3847 767 3900 exitus
777 3865 789 3912 ;
807 3844 854 3903 vel
870 3841 992 3900 Laetior
1007 3865 1090 3902 eram

54 3924 125 3983 salia
160 3924 342 4005 Crassipedis
372 3945 402 3986 et
421 3929 544 3986 Tulliae
600 3931 736 3984 exr'taras
750 3929 802 3987 sib.
817 3941 868 3999 58.
886 3925 1000 3986 advers.
1019 3950 1042 3987 c.
1060 3949 1089 4007 7.

54 4026 188 4088 propter
217 4031 271 4072 eos
296 4015 360 4072 dies
384 4011 544 4094 religiosos
599 4013 667 4070 Nos
684 4017 806 4071 minime
824 4027 877 4070 eut
892 4012 975 4070 nulla
989 4028 1090 4072 mute·

56 4094 185 4155 dilatum
206 4099 252 4153 iri.
600 4101 703 4157 tione:
739 4101 805 4155 dies
827 4107 914 4153 eraut
937 4100 1014 4170 dira,
1041 4101 1091 4175 qui

98 4213 154 4264 cic.
175 4213 245 4278 Epp.
270 4212 343 4264 Tam.
363 4211 402 4259 Is.
592 4255 596 4259 .
946 4193 975 4256 Ε
