<?xml version="1.0" encoding="UTF-8"?>
<!DOCTYPE html PUBLIC "-//W3C//DTD XHTML 1.0 Transitional//EN"
    "http://www.w3.org/TR/xhtml1/DTD/xhtml1-transitional.dtd">
<html xmlns="http://www.w3.org/1999/xhtml" xml:lang="en" lang="en">
 <head>
  <title>
</title>
<meta http-equiv="Content-Type" content="text/html;charset=utf-8" />
  <meta name='ocr-system' content='tesseract 3.04.00' />
  <meta name='ocr-capabilities' content='ocr_page ocr_carea ocr_par ocr_line ocrx_word'/>
</head>
<body>
  <div class='ocr_page' id='page_1' title='image "./mtciceronisepis00billgoog/mtciceronisepis00billgoog_0075.png"; bbox 0 0 2580 4792; ppageno 0'>
   <div class='ocr_carea' id='block_1_1' title="bbox 122 269 868 353">
    <p class='ocr_par' dir='ltr' id='par_1_1' title="bbox 122 269 868 353">
     <span class='ocr_line' id='line_1_1' title="bbox 122 269 868 353; baseline -0.003 -14"><span class='ocrx_word' id='word_1_1' title='bbox 122 270 175 353; x_wconf 61' lang='lat' dir='ltr'>,fiii</span> <span class='ocrx_word' id='word_1_2' title='bbox 317 314 324 329; x_wconf 84' lang='lat'><strong>·</strong></span> <span class='ocrx_word' id='word_1_3' title='bbox 366 315 375 335; x_wconf 80' lang='lat'><em>.</em></span> <span class='ocrx_word' id='word_1_4' title='bbox 427 269 714 339; x_wconf 89' lang='lat' dir='ltr'><strong>EPISTOLA</strong></span> <span class='ocrx_word' id='word_1_5' title='bbox 755 271 868 337; x_wconf 85' lang='lat' dir='ltr'><strong>XIX.</strong></span> 
     </span>
    </p>
   </div>
   <div class='ocr_carea' id='block_1_2' title="bbox 65 455 1164 1663">
    <p class='ocr_par' dir='ltr' id='par_1_2' title="bbox 92 455 1164 548">
     <span class='ocr_line' id='line_1_2' title="bbox 92 455 1164 548; baseline 0.001 -22"><span class='ocrx_word' id='word_1_6' title='bbox 92 460 120 526; x_wconf 77' lang='lat'><strong>3</strong></span> <span class='ocrx_word' id='word_1_7' title='bbox 218 455 312 523; x_wconf 85' lang='lat' dir='ltr'>Tum</span> <span class='ocrx_word' id='word_1_8' title='bbox 326 455 454 523; x_wconf 87' lang='lat' dir='ltr'>Pisonis</span> <span class='ocrx_word' id='word_1_9' title='bbox 478 459 623 527; x_wconf 83' lang='lat' dir='ltr'>consulis</span> <span class='ocrx_word' id='word_1_10' title='bbox 640 458 785 548; x_wconf 88' lang='lat' dir='ltr'>impulsu</span> <span class='ocrx_word' id='word_1_11' title='bbox 806 457 989 525; x_wconf 78' lang='lat' dir='ltr'>levissimus</span> <span class='ocrx_word' id='word_1_12' title='bbox 1005 461 1164 527; x_wconf 87' lang='lat' dir='ltr'>tribunus</span> 
     </span>
    </p>

    <p class='ocr_par' dir='ltr' id='par_1_3' title="bbox 65 557 1163 1663">
     <span class='ocr_line' id='line_1_3' title="bbox 129 557 1163 648; baseline 0.005 -26"><span class='ocrx_word' id='word_1_13' title='bbox 129 557 239 647; x_wconf 86' lang='lat' dir='ltr'>plebis</span> <span class='ocrx_word' id='word_1_14' title='bbox 255 557 368 623; x_wconf 81' lang='lat' dir='ltr'>Fufius</span> <span class='ocrx_word' id='word_1_15' title='bbox 384 565 419 623; x_wconf 88' lang='lat' dir='ltr'>in</span> <span class='ocrx_word' id='word_1_16' title='bbox 437 566 638 625; x_wconf 85' lang='lat' dir='ltr'>concionem</span> <span class='ocrx_word' id='word_1_17' title='bbox 656 560 821 648; x_wconf 85' lang='lat' dir='ltr'>produxit</span> <span class='ocrx_word' id='word_1_18' title='bbox 836 559 1048 648; x_wconf 76' lang='lat' dir='ltr'>Pompeium,</span> <span class='ocrx_word' id='word_1_19' title='bbox 1091 559 1163 631; x_wconf 79' lang='lat' dir='ltr'>Rea</span> 
     </span>
     <span class='ocr_line' id='line_1_4' title="bbox 65 656 1162 750; baseline 0.002 -24"><span class='ocrx_word' id='word_1_20' title='bbox 65 678 68 685; x_wconf 84' lang='lat'>&#39;</span> <span class='ocrx_word' id='word_1_21' title='bbox 121 664 291 748; x_wconf 73' lang='lat' dir='ltr'>agebatur</span> <span class='ocrx_word' id='word_1_22' title='bbox 313 667 351 726; x_wconf 89' lang='lat' dir='ltr'>in</span> <span class='ocrx_word' id='word_1_23' title='bbox 380 666 474 727; x_wconf 88' lang='lat' dir='ltr'>circo</span> <span class='ocrx_word' id='word_1_24' title='bbox 494 656 672 728; x_wconf 84' lang='lat' dir='ltr'>Flaminio:</span> <span class='ocrx_word' id='word_1_25' title='bbox 712 672 748 725; x_wconf 90' lang='lat' dir='ltr'>et</span> <span class='ocrx_word' id='word_1_26' title='bbox 772 668 905 727; x_wconf 84' lang='lat' dir='ltr'>eratin</span> <span class='ocrx_word' id='word_1_27' title='bbox 929 685 971 727; x_wconf 90' lang='lat' dir='ltr'>eo</span> <span class='ocrx_word' id='word_1_28' title='bbox 992 661 1063 750; x_wconf 90' lang='lat' dir='ltr'>ipso</span> <span class='ocrx_word' id='word_1_29' title='bbox 1084 663 1162 729; x_wconf 90' lang='lat' dir='ltr'>loco</span> 
     </span>
     <span class='ocr_line' id='line_1_5' title="bbox 125 760 1161 854; baseline -0.001 -26"><span class='ocrx_word' id='word_1_30' title='bbox 125 762 186 828; x_wconf 89' lang='lat' dir='ltr'>illo</span> <span class='ocrx_word' id='word_1_31' title='bbox 207 765 261 829; x_wconf 89' lang='lat' dir='ltr'>die</span> <span class='ocrx_word' id='word_1_32' title='bbox 280 763 512 830; x_wconf 88' lang='lat' dir='ltr'>nundinarum</span> <span class='ocrx_word' id='word_1_33' title='bbox 531 760 715 851; x_wconf 70' lang='grc' dir='ltr'>πανήγυρις.</span> <span class='ocrx_word' id='word_1_34' title='bbox 758 761 927 854; x_wconf 78' lang='lat' dir='ltr'>Quaesivit</span> <span class='ocrx_word' id='word_1_35' title='bbox 949 786 992 827; x_wconf 87' lang='lat' dir='ltr'>ex</span> <span class='ocrx_word' id='word_1_36' title='bbox 1015 785 1074 836; x_wconf 90' lang='lat' dir='ltr'>eo,</span> <span class='ocrx_word' id='word_1_37' title='bbox 1096 764 1161 851; x_wconf 82' lang='lat' dir='ltr'>pla·</span> 
     </span>
     <span class='ocr_line' id='line_1_6' title="bbox 128 861 1161 953; baseline -0.002 -23"><span class='ocrx_word' id='word_1_38' title='bbox 128 879 268 931; x_wconf 90' lang='lat' dir='ltr'>ceretne</span> <span class='ocrx_word' id='word_1_39' title='bbox 285 873 334 940; x_wconf 89' lang='lat' dir='ltr'>ei,</span> <span class='ocrx_word' id='word_1_40' title='bbox 357 865 489 930; x_wconf 89' lang='lat' dir='ltr'>iudices</span> <span class='ocrx_word' id='word_1_41' title='bbox 511 877 702 950; x_wconf 82' lang='lat' dir='ltr'>apruetore</span> <span class='ocrx_word' id='word_1_42' title='bbox 716 863 801 953; x_wconf 86' lang='lat' dir='ltr'>legi,</span> <span class='ocrx_word' id='word_1_43' title='bbox 824 889 890 949; x_wconf 91' lang='lat' dir='ltr'>quo</span> <span class='ocrx_word' id='word_1_44' title='bbox 915 861 1051 930; x_wconf 84' lang='lat' dir='ltr'>consilio</span> <span class='ocrx_word' id='word_1_45' title='bbox 1069 864 1161 928; x_wconf 88' lang='lat' dir='ltr'>idem</span> 
     </span>
     <span class='ocr_line' id='line_1_7' title="bbox 124 964 1160 1055; baseline 0.002 -24"><span class='ocrx_word' id='word_1_46' title='bbox 124 966 265 1055; x_wconf 78' lang='lat' dir='ltr'>praetor</span> <span class='ocrx_word' id='word_1_47' title='bbox 288 979 456 1031; x_wconf 88' lang='lat' dir='ltr'>uteretur.</span> <span class='ocrx_word' id='word_1_48' title='bbox 501 965 541 1029; x_wconf 93' lang='lat' dir='ltr'>Id</span> <span class='ocrx_word' id='word_1_49' title='bbox 562 976 674 1028; x_wconf 85' lang='lat' dir='ltr'>autem</span> <span class='ocrx_word' id='word_1_50' title='bbox 691 976 765 1030; x_wconf 86' lang='lat' dir='ltr'>erat</span> <span class='ocrx_word' id='word_1_51' title='bbox 783 966 825 1031; x_wconf 91' lang='lat' dir='ltr'>de</span> <span class='ocrx_word' id='word_1_52' title='bbox 842 967 1007 1033; x_wconf 85' lang='lat' dir='ltr'>Clodiana</span> <span class='ocrx_word' id='word_1_53' title='bbox 1026 964 1160 1053; x_wconf 79' lang='lat' dir='ltr'>religio</span> 
     </span>
     <span class='ocr_line' id='line_1_8' title="bbox 123 1064 1158 1158; baseline -0.003 -25"><span class='ocrx_word' id='word_1_54' title='bbox 123 1089 168 1133; x_wconf 90' lang='lat' dir='ltr'>ne</span> <span class='ocrx_word' id='word_1_55' title='bbox 184 1070 225 1131; x_wconf 86' lang='lat' dir='ltr'>ab</span> <span class='ocrx_word' id='word_1_56' title='bbox 241 1066 356 1131; x_wconf 83' lang='lat' dir='ltr'>senatu</span> <span class='ocrx_word' id='word_1_57' title='bbox 372 1066 603 1131; x_wconf 72' lang='lat' dir='ltr'>coustitutunn</span> <span class='ocrx_word' id='word_1_58' title='bbox 649 1064 742 1131; x_wconf 90' lang='lat' dir='ltr'>Tum</span> <span class='ocrx_word' id='word_1_59' title='bbox 751 1066 932 1158; x_wconf 89' lang='lat' dir='ltr'>Pompeius</span> <span class='ocrx_word' id='word_1_60' title='bbox 950 1066 1026 1150; x_wconf 76' lang='grc' dir='ltr'>μαλ’</span> <span class='ocrx_word' id='word_1_61' title='bbox 1037 1067 1158 1153; x_wconf 69' lang='lat' dir='ltr'>tipice-e.</span> 
     </span>
     <span class='ocr_line' id='line_1_9' title="bbox 124 1163 1157 1258; baseline -0.002 -20"><span class='ocrx_word' id='word_1_62' title='bbox 124 1171 277 1258; x_wconf 68' lang='grc' dir='ltr'>τερατικῶς</span> <span class='ocrx_word' id='word_1_63' title='bbox 312 1168 448 1233; x_wconf 88' lang='lat' dir='ltr'>locutus</span> <span class='ocrx_word' id='word_1_64' title='bbox 485 1165 550 1248; x_wconf 88' lang='lat' dir='ltr'>est;</span> <span class='ocrx_word' id='word_1_65' title='bbox 596 1163 794 1252; x_wconf 83' lang='lat' dir='ltr'>senatusque</span> <span class='ocrx_word' id='word_1_66' title='bbox 830 1177 1066 1236; x_wconf 86' lang='lat' dir='ltr'>auctoritatem</span> <span class='ocrx_word' id='word_1_67' title='bbox 1102 1168 1157 1237; x_wconf 85' lang='lat' dir='ltr'>sibi</span> 
     </span>
     <span class='ocr_line' id='line_1_10' title="bbox 124 1268 1156 1358; baseline 0.003 -23"><span class='ocrx_word' id='word_1_68' title='bbox 124 1273 284 1335; x_wconf 83' lang='lat' dir='ltr'>omnibus</span> <span class='ocrx_word' id='word_1_69' title='bbox 307 1275 344 1335; x_wconf 87' lang='lat' dir='ltr'>in</span> <span class='ocrx_word' id='word_1_70' title='bbox 365 1272 470 1334; x_wconf 87' lang='lat' dir='ltr'>rebus</span> <span class='ocrx_word' id='word_1_71' title='bbox 485 1268 666 1332; x_wconf 81' lang='lat' dir='ltr'>maximam</span> <span class='ocrx_word' id='word_1_72' title='bbox 690 1269 818 1346; x_wconf 75' lang='lat' dir='ltr'>videri,</span> <span class='ocrx_word' id='word_1_73' title='bbox 838 1272 1038 1358; x_wconf 84' lang='lat' dir='ltr'>semperque</span> <span class='ocrx_word' id='word_1_74' title='bbox 1058 1268 1156 1347; x_wconf 74' lang='lat' dir='ltr'>visunt</span> 
     </span>
     <span class='ocr_line' id='line_1_11' title="bbox 123 1366 1156 1459; baseline 0.002 -23"><span class='ocrx_word' id='word_1_75' title='bbox 123 1370 191 1437; x_wconf 84' lang='lat' dir='ltr'>esse</span> <span class='ocrx_word' id='word_1_76' title='bbox 217 1370 406 1459; x_wconf 82' lang='lat' dir='ltr'>respondit,</span> <span class='ocrx_word' id='word_1_77' title='bbox 444 1383 478 1433; x_wconf 93' lang='lat' dir='ltr'>et</span> <span class='ocrx_word' id='word_1_78' title='bbox 499 1369 536 1433; x_wconf 89' lang='lat' dir='ltr'>id</span> <span class='ocrx_word' id='word_1_79' title='bbox 557 1367 671 1433; x_wconf 89' lang='lat' dir='ltr'>multis</span> <span class='ocrx_word' id='word_1_80' title='bbox 700 1374 825 1436; x_wconf 87' lang='lat' dir='ltr'>verbis.</span> <span class='ocrx_word' id='word_1_81' title='bbox 880 1370 998 1437; x_wconf 84' lang='lat' dir='ltr'>Postea</span> <span class='ocrx_word' id='word_1_82' title='bbox 1019 1366 1156 1443; x_wconf 82' lang='lat' dir='ltr'>Messala</span> 
     </span>
     <span class='ocr_line' id='line_1_12' title="bbox 116 1466 1155 1556; baseline 0.003 -18"><span class='ocrx_word' id='word_1_83' title='bbox 116 1470 239 1538; x_wconf 81' lang='lat' dir='ltr'>consul</span> <span class='ocrx_word' id='word_1_84' title='bbox 258 1478 295 1538; x_wconf 89' lang='lat' dir='ltr'>in</span> <span class='ocrx_word' id='word_1_85' title='bbox 314 1470 430 1536; x_wconf 90' lang='lat' dir='ltr'>senatu</span> <span class='ocrx_word' id='word_1_86' title='bbox 452 1468 681 1556; x_wconf 79' lang='lat' dir='ltr'>detPompeio</span> <span class='ocrx_word' id='word_1_87' title='bbox 705 1466 880 1555; x_wconf 81' lang='lat' dir='ltr'>quaesivit,</span> <span class='ocrx_word' id='word_1_88' title='bbox 911 1473 992 1555; x_wconf 87' lang='lat' dir='ltr'>quid</span> <span class='ocrx_word' id='word_1_89' title='bbox 1015 1473 1058 1538; x_wconf 88' lang='lat' dir='ltr'>de</span> <span class='ocrx_word' id='word_1_90' title='bbox 1083 1473 1155 1541; x_wconf 87' lang='lat' dir='ltr'>reli-</span> 
     </span>
     <span class='ocr_line' id='line_1_13' title="bbox 122 1566 1152 1663; baseline 0.003 -24"><span class='ocrx_word' id='word_1_91' title='bbox 122 1574 243 1663; x_wconf 83' lang='lat' dir='ltr'>gione,</span> <span class='ocrx_word' id='word_1_92' title='bbox 265 1573 360 1639; x_wconf 89' lang='lat' dir='ltr'>etde</span> <span class='ocrx_word' id='word_1_93' title='bbox 380 1569 594 1661; x_wconf 82' lang='lat' dir='ltr'>promulgata</span> <span class='ocrx_word' id='word_1_94' title='bbox 615 1566 793 1658; x_wconf 81' lang='lat' dir='ltr'>rogatione</span> <span class='ocrx_word' id='word_1_95' title='bbox 810 1573 961 1639; x_wconf 74' lang='lat' dir='ltr'>sentiret·</span> <span class='ocrx_word' id='word_1_96' title='bbox 1001 1573 1152 1642; x_wconf 82' lang='lat' dir='ltr'>Locutus</span> 
     </span>
    </p>
   </div>
   <div class='ocr_carea' id='block_1_3' title="bbox 506 1734 778 1755">
    <p class='ocr_par' dir='ltr' id='par_1_4' title="bbox 506 1734 778 1755">
     <span class='ocr_line' id='line_1_14' title="bbox 506 1734 778 1755; baseline 0.004 -1"><span class='ocrx_word' id='word_1_97' title='bbox 506 1734 778 1755; x_wconf 57' lang='grc' dir='ltr'>ΗιΗι-ΙΙ-ὅδῌ-ΑΗ</span> 
     </span>
    </p>
   </div>
   <div class='ocr_carea' id='block_1_4' title="bbox 13 1826 1195 4123">
    <p class='ocr_par' dir='ltr' id='par_1_5' title="bbox 13 1826 1195 4123">
     <span class='ocr_line' id='line_1_15' title="bbox 128 1826 1152 1916; baseline 0.007 -28"><span class='ocrx_word' id='word_1_98' title='bbox 128 1828 133 1835; x_wconf 74' lang='grc'>’</span> <span class='ocrx_word' id='word_1_99' title='bbox 162 1839 193 1906; x_wconf 77' lang='lat'>3.</span> <span class='ocrx_word' id='word_1_100' title='bbox 218 1831 429 1889; x_wconf 74' lang='lat' dir='ltr'>incentionem</span> <span class='ocrx_word' id='word_1_101' title='bbox 442 1826 610 1911; x_wconf 81' lang='lat' dir='ltr'>produxit]</span> <span class='ocrx_word' id='word_1_102' title='bbox 665 1828 700 1890; x_wconf 89' lang='lat' dir='ltr'>lo</span> <span class='ocrx_word' id='word_1_103' title='bbox 724 1826 774 1915; x_wconf 84' lang='lat' dir='ltr'>agi</span> <span class='ocrx_word' id='word_1_104' title='bbox 802 1847 868 1890; x_wconf 84' lang='lat' dir='ltr'>non</span> <span class='ocrx_word' id='word_1_105' title='bbox 897 1827 1011 1909; x_wconf 72' lang='lat' dir='ltr'>potuit.</span> <span class='ocrx_word' id='word_1_106' title='bbox 1069 1826 1152 1916; x_wconf 77' lang='lat' dir='ltr'>Eigu</span> 
     </span>
     <span class='ocr_line' id='line_1_16' title="bbox 120 1911 1154 1998; baseline 0 -20"><span class='ocrx_word' id='word_1_107' title='bbox 120 1915 249 1978; x_wconf 79' lang='lat' dir='ltr'>Licebat</span> <span class='ocrx_word' id='word_1_108' title='bbox 305 1916 434 1977; x_wconf 87' lang='lat' dir='ltr'>tribunis</span> <span class='ocrx_word' id='word_1_109' title='bbox 488 1915 608 1997; x_wconf 82' lang='lat' dir='ltr'>plebia,</span> <span class='ocrx_word' id='word_1_110' title='bbox 667 1919 759 1975; x_wconf 88' lang='lat' dir='ltr'>etiam</span> <span class='ocrx_word' id='word_1_111' title='bbox 775 1911 1078 1998; x_wconf 81' lang='lat' dir='ltr'>hoccontramores</span> <span class='ocrx_word' id='word_1_112' title='bbox 1092 1919 1154 1978; x_wconf 84' lang='lat' dir='ltr'>ior·</span> 
     </span>
     <span class='ocr_line' id='line_1_17' title="bbox 121 1997 1151 2083; baseline 0.001 -21"><span class='ocrx_word' id='word_1_113' title='bbox 121 2020 344 2083; x_wconf 81' lang='lat' dir='ltr'>quemcunque</span> <span class='ocrx_word' id='word_1_114' title='bbox 381 1999 494 2060; x_wconf 85' lang='lat' dir='ltr'>velient</span> <span class='ocrx_word' id='word_1_115' title='bbox 535 2003 609 2060; x_wconf 84' lang='lat' dir='ltr'>arri·</span> <span class='ocrx_word' id='word_1_116' title='bbox 666 2015 698 2059; x_wconf 86' lang='lat' dir='ltr'>te</span> <span class='ocrx_word' id='word_1_117' title='bbox 718 1999 757 2059; x_wconf 85' lang='lat' dir='ltr'>ab</span> <span class='ocrx_word' id='word_1_118' title='bbox 779 1997 835 2060; x_wconf 87' lang='lat' dir='ltr'>isto</span> <span class='ocrx_word' id='word_1_119' title='bbox 858 2001 983 2061; x_wconf 85' lang='lat' dir='ltr'>tribuno</span> <span class='ocrx_word' id='word_1_120' title='bbox 1003 1998 1151 2063; x_wconf 79' lang='lat' dir='ltr'>teuffimo</span> 
     </span>
     <span class='ocr_line' id='line_1_18' title="bbox 119 2083 1151 2168; baseline 0.002 -22"><span class='ocrx_word' id='word_1_121' title='bbox 119 2108 198 2168; x_wconf 85' lang='lat' dir='ltr'>pere</span> <span class='ocrx_word' id='word_1_122' title='bbox 221 2090 304 2147; x_wconf 90' lang='lat' dir='ltr'>etin</span> <span class='ocrx_word' id='word_1_123' title='bbox 328 2092 512 2147; x_wconf 81' lang='lat' dir='ltr'>concionem</span> <span class='ocrx_word' id='word_1_124' title='bbox 532 2105 609 2166; x_wconf 89' lang='lat' dir='ltr'>pro·</span> <span class='ocrx_word' id='word_1_125' title='bbox 665 2083 775 2158; x_wconf 85' lang='lat' dir='ltr'>Fusio,</span> <span class='ocrx_word' id='word_1_126' title='bbox 811 2085 901 2165; x_wconf 88' lang='lat' dir='ltr'>quod</span> <span class='ocrx_word' id='word_1_127' title='bbox 924 2096 1028 2147; x_wconf 86' lang='lat' dir='ltr'>tamen</span> <span class='ocrx_word' id='word_1_128' title='bbox 1046 2101 1081 2147; x_wconf 85' lang='lat' dir='ltr'>ut</span> <span class='ocrx_word' id='word_1_129' title='bbox 1097 2092 1151 2148; x_wconf 88' lang='lat' dir='ltr'>mi·</span> 
     </span>
     <span class='ocr_line' id='line_1_19' title="bbox 121 2170 1153 2254; baseline 0.001 -22"><span class='ocrx_word' id='word_1_130' title='bbox 121 2172 249 2233; x_wconf 86' lang='lat' dir='ltr'>ductum</span> <span class='ocrx_word' id='word_1_131' title='bbox 267 2191 382 2254; x_wconf 81' lang='lat' dir='ltr'>cogere</span> <span class='ocrx_word' id='word_1_132' title='bbox 395 2191 455 2252; x_wconf 87' lang='lat' dir='ltr'>pro</span> <span class='ocrx_word' id='word_1_133' title='bbox 472 2170 609 2252; x_wconf 86' lang='lat' dir='ltr'>ipsorum</span> <span class='ocrx_word' id='word_1_134' title='bbox 664 2190 723 2230; x_wconf 75' lang='lat' dir='ltr'>uua</span> <span class='ocrx_word' id='word_1_135' title='bbox 757 2174 905 2230; x_wconf 87' lang='lat' dir='ltr'>miremur</span> <span class='ocrx_word' id='word_1_136' title='bbox 932 2172 1006 2232; x_wconf 83' lang='lat' dir='ltr'>facit</span> <span class='ocrx_word' id='word_1_137' title='bbox 1027 2173 1153 2243; x_wconf 74' lang='lat' dir='ltr'>Macro·</span> 
     </span>
     <span class='ocr_line' id='line_1_20' title="bbox 115 2244 1161 2338; baseline 0 -21"><span class='ocrx_word' id='word_1_138' title='bbox 115 2244 188 2317; x_wconf 77' lang='lat' dir='ltr'>iure</span> <span class='ocrx_word' id='word_1_139' title='bbox 204 2271 236 2316; x_wconf 87' lang='lat' dir='ltr'>et</span> <span class='ocrx_word' id='word_1_140' title='bbox 250 2253 420 2338; x_wconf 85' lang='lat' dir='ltr'>potestate,</span> <span class='ocrx_word' id='word_1_141' title='bbox 445 2273 479 2317; x_wconf 87' lang='lat' dir='ltr'>ut</span> <span class='ocrx_word' id='word_1_142' title='bbox 495 2256 606 2337; x_wconf 88' lang='lat' dir='ltr'>quibus</span> <span class='ocrx_word' id='word_1_143' title='bbox 664 2253 751 2326; x_wconf 81' lang='lat' dir='ltr'>hius,</span> <span class='ocrx_word' id='word_1_144' title='bbox 774 2259 828 2337; x_wconf 87' lang='lat' dir='ltr'>qui</span> <span class='ocrx_word' id='word_1_145' title='bbox 850 2254 944 2316; x_wconf 88' lang='lat' dir='ltr'>docet</span> <span class='ocrx_word' id='word_1_146' title='bbox 963 2251 1161 2337; x_wconf 63' lang='lat' dir='ltr'>disputatum,</span> 
     </span>
     <span class='ocr_line' id='line_1_21' title="bbox 119 2337 1152 2424; baseline 0 -22"><span class='ocrx_word' id='word_1_147' title='bbox 119 2339 267 2403; x_wconf 77' lang='lat' dir='ltr'>derebus</span> <span class='ocrx_word' id='word_1_148' title='bbox 284 2338 606 2424; x_wconf 79' lang='lat' dir='ltr'>essetiinterrugatus,</span> <span class='ocrx_word' id='word_1_149' title='bbox 662 2337 767 2412; x_wconf 80' lang='lat' dir='ltr'>inisse,</span> <span class='ocrx_word' id='word_1_150' title='bbox 805 2337 900 2401; x_wconf 86' lang='lat' dir='ltr'>esseut</span> <span class='ocrx_word' id='word_1_151' title='bbox 921 2342 1083 2402; x_wconf 85' lang='lat' dir='ltr'>nundinae</span> <span class='ocrx_word' id='word_1_152' title='bbox 1108 2341 1152 2402; x_wconf 85' lang='lat' dir='ltr'>se-</span> 
     </span>
     <span class='ocr_line' id='line_1_22' title="bbox 117 2426 1151 2509; baseline 0.004 -22"><span class='ocrx_word' id='word_1_153' title='bbox 117 2429 154 2487; x_wconf 81' lang='lat' dir='ltr'>iie</span> <span class='ocrx_word' id='word_1_154' title='bbox 193 2426 233 2487; x_wconf 88' lang='lat' dir='ltr'>de</span> <span class='ocrx_word' id='word_1_155' title='bbox 264 2426 357 2488; x_wconf 85' lang='lat' dir='ltr'>rebus</span> <span class='ocrx_word' id='word_1_156' title='bbox 390 2427 609 2509; x_wconf 80' lang='lat' dir='ltr'>responderet.</span> <span class='ocrx_word' id='word_1_157' title='bbox 661 2427 865 2486; x_wconf 83' lang='lat' dir='ltr'>riaeaecne?</span> <span class='ocrx_word' id='word_1_158' title='bbox 886 2441 918 2486; x_wconf 83' lang='lat' dir='ltr'>et</span> <span class='ocrx_word' id='word_1_159' title='bbox 932 2426 1007 2486; x_wconf 89' lang='lat' dir='ltr'>olim</span> <span class='ocrx_word' id='word_1_160' title='bbox 1023 2426 1151 2507; x_wconf 79' lang='lat' dir='ltr'>quidem</span> 
     </span>
     <span class='ocr_line' id='line_1_23' title="bbox 118 2502 1195 2594; baseline 0.001 -20"><span class='ocrx_word' id='word_1_161' title='bbox 118 2511 231 2594; x_wconf 86' lang='lat' dir='ltr'>ltaque</span> <span class='ocrx_word' id='word_1_162' title='bbox 263 2511 331 2572; x_wconf 89' lang='lat' dir='ltr'>trib.</span> <span class='ocrx_word' id='word_1_163' title='bbox 360 2511 404 2592; x_wconf 85' lang='lat' dir='ltr'>pl.</span> <span class='ocrx_word' id='word_1_164' title='bbox 436 2514 470 2572; x_wconf 90' lang='lat' dir='ltr'>C.</span> <span class='ocrx_word' id='word_1_165' title='bbox 498 2511 604 2572; x_wconf 84' lang='lat' dir='ltr'>Carbo</span> <span class='ocrx_word' id='word_1_166' title='bbox 661 2502 832 2585; x_wconf 25' lang='lat' dir='ltr'>suisseffsine</span> <span class='ocrx_word' id='word_1_167' title='bbox 849 2510 964 2582; x_wconf 63' lang='lat' dir='ltr'>dubiot</span> <span class='ocrx_word' id='word_1_168' title='bbox 983 2511 1091 2591; x_wconf 83' lang='lat' dir='ltr'>postea</span> <span class='ocrx_word' id='word_1_169' title='bbox 1109 2520 1153 2575; x_wconf 82' lang='lat' dir='ltr'>te·</span> <span class='ocrx_word' id='word_1_170' title='bbox 1191 2550 1195 2561; x_wconf 84' lang='lat'>·</span> 
     </span>
     <span class='ocr_line' id='line_1_24' title="bbox 116 2592 1149 2679; baseline 0 -21"><span class='ocrx_word' id='word_1_171' title='bbox 116 2602 273 2659; x_wconf 86' lang='lat' dir='ltr'>minorem</span> <span class='ocrx_word' id='word_1_172' title='bbox 297 2599 475 2658; x_wconf 82' lang='lat' dir='ltr'>Africanum</span> <span class='ocrx_word' id='word_1_173' title='bbox 508 2595 605 2658; x_wconf 81' lang='lat' dir='ltr'>excise</span> <span class='ocrx_word' id='word_1_174' title='bbox 661 2616 734 2656; x_wconf 87' lang='lat' dir='ltr'>men</span> <span class='ocrx_word' id='word_1_175' title='bbox 763 2594 835 2679; x_wconf 82' lang='lat' dir='ltr'>lege</span> <span class='ocrx_word' id='word_1_176' title='bbox 863 2594 1028 2657; x_wconf 80' lang='lat' dir='ltr'>Hortensia</span> <span class='ocrx_word' id='word_1_177' title='bbox 1059 2592 1149 2659; x_wconf 74' lang='lat' dir='ltr'>sasta&#39;e</span> 
     </span>
     <span class='ocr_line' id='line_1_25' title="bbox 81 2678 1149 2763; baseline -0.001 -20"><span class='ocrx_word' id='word_1_178' title='bbox 81 2684 85 2691; x_wconf 87' lang='grc'><strong>’</strong></span> <span class='ocrx_word' id='word_1_179' title='bbox 117 2682 286 2744; x_wconf 84' lang='lat' dir='ltr'>Numantia</span> <span class='ocrx_word' id='word_1_180' title='bbox 297 2683 480 2743; x_wconf 86' lang='lat' dir='ltr'>redeuntem</span> <span class='ocrx_word' id='word_1_181' title='bbox 491 2680 605 2763; x_wconf 83' lang='lat' dir='ltr'>abipsa</span> <span class='ocrx_word' id='word_1_182' title='bbox 663 2678 857 2753; x_wconf 74' lang='lat' dir='ltr'>eliciamus,</span> <span class='ocrx_word' id='word_1_183' title='bbox 891 2692 926 2740; x_wconf 92' lang='lat' dir='ltr'>ut</span> <span class='ocrx_word' id='word_1_184' title='bbox 950 2678 1074 2762; x_wconf 83' lang='lat' dir='ltr'>possent</span> <span class='ocrx_word' id='word_1_185' title='bbox 1097 2704 1149 2742; x_wconf 86' lang='lat' dir='ltr'>ru·</span> 
     </span>
     <span class='ocr_line' id='line_1_26' title="bbox 61 2762 1150 2852; baseline 0.005 -29"><span class='ocrx_word' id='word_1_186' title='bbox 61 2814 63 2823; x_wconf 26' lang='lat' dir='ltr'>i</span> <span class='ocrx_word' id='word_1_187' title='bbox 116 2784 211 2852; x_wconf 83' lang='lat' dir='ltr'>porta</span> <span class='ocrx_word' id='word_1_188' title='bbox 238 2771 271 2828; x_wconf 92' lang='lat' dir='ltr'>in</span> <span class='ocrx_word' id='word_1_189' title='bbox 297 2772 481 2829; x_wconf 87' lang='lat' dir='ltr'>concionem</span> <span class='ocrx_word' id='word_1_190' title='bbox 508 2783 605 2848; x_wconf 91' lang='lat' dir='ltr'>quum</span> <span class='ocrx_word' id='word_1_191' title='bbox 661 2763 742 2837; x_wconf 75' lang='lat' dir='ltr'>stici,</span> <span class='ocrx_word' id='word_1_192' title='bbox 765 2769 819 2846; x_wconf 89' lang='lat' dir='ltr'>qui</span> <span class='ocrx_word' id='word_1_193' title='bbox 839 2762 1033 2826; x_wconf 80' lang='lat' dir='ltr'>nundinandi</span> <span class='ocrx_word' id='word_1_194' title='bbox 1060 2766 1150 2829; x_wconf 74' lang='lat' dir='ltr'>cauti</span> 
     </span>
     <span class='ocr_line' id='line_1_27' title="bbox 117 2848 1150 2934; baseline 0 -21"><span class='ocrx_word' id='word_1_195' title='bbox 117 2849 318 2934; x_wconf 86' lang='lat' dir='ltr'>produxisset,</span> <span class='ocrx_word' id='word_1_196' title='bbox 329 2852 405 2933; x_wconf 89' lang='lat' dir='ltr'>quid</span> <span class='ocrx_word' id='word_1_197' title='bbox 423 2854 462 2913; x_wconf 87' lang='lat' dir='ltr'>de</span> <span class='ocrx_word' id='word_1_198' title='bbox 476 2851 495 2911; x_wconf 93' lang='lat' dir='ltr'>l.</span> <span class='ocrx_word' id='word_1_199' title='bbox 507 2853 607 2912; x_wconf 87' lang='lat' dir='ltr'>Grae·</span> <span class='ocrx_word' id='word_1_200' title='bbox 661 2855 694 2910; x_wconf 86' lang='lat' dir='ltr'>in</span> <span class='ocrx_word' id='word_1_201' title='bbox 706 2848 815 2911; x_wconf 87' lang='lat' dir='ltr'>urbem</span> <span class='ocrx_word' id='word_1_202' title='bbox 830 2855 969 2911; x_wconf 86' lang='lat' dir='ltr'>venirent</span> <span class='ocrx_word' id='word_1_203' title='bbox 983 2851 1050 2913; x_wconf 79' lang='lat' dir='ltr'>litet</span> <span class='ocrx_word' id='word_1_204' title='bbox 1066 2868 1150 2913; x_wconf 82' lang='lat' dir='ltr'>coui-</span> 
     </span>
     <span class='ocr_line' id='line_1_28' title="bbox 116 2935 1150 3019; baseline -0.001 -20"><span class='ocrx_word' id='word_1_205' title='bbox 116 2936 167 2999; x_wconf 89' lang='lat' dir='ltr'>chi</span> <span class='ocrx_word' id='word_1_206' title='bbox 188 2959 266 3000; x_wconf 87' lang='lat' dir='ltr'>nece</span> <span class='ocrx_word' id='word_1_207' title='bbox 296 2937 438 3012; x_wconf 82' lang='lat' dir='ltr'>sentiret,</span> <span class='ocrx_word' id='word_1_208' title='bbox 471 2942 606 2999; x_wconf 88' lang='lat' dir='ltr'>interro·</span> <span class='ocrx_word' id='word_1_209' title='bbox 660 2953 791 3019; x_wconf 82' lang='lat' dir='ltr'>ponere.</span> <span class='ocrx_word' id='word_1_210' title='bbox 806 2935 1041 3016; x_wconf 80' lang='lat' dir='ltr'>Quarepoiiea,</span> <span class='ocrx_word' id='word_1_211' title='bbox 1052 2957 1150 3019; x_wconf 84' lang='lat' dir='ltr'>quum</span> 
     </span>
     <span class='ocr_line' id='line_1_29' title="bbox 119 3014 1184 3108; baseline 0.003 -26"><span class='ocrx_word' id='word_1_212' title='bbox 119 3028 212 3108; x_wconf 81' lang='lat' dir='ltr'>gavit.</span> <span class='ocrx_word' id='word_1_213' title='bbox 261 3019 382 3081; x_wconf 76' lang='lat' dir='ltr'>Manet.</span> <span class='ocrx_word' id='word_1_214' title='bbox 659 3021 757 3082; x_wconf 86' lang='lat' dir='ltr'>semei-</span> <span class='ocrx_word' id='word_1_215' title='bbox 774 3019 868 3081; x_wconf 82' lang='lat' dir='ltr'>festae</span> <span class='ocrx_word' id='word_1_216' title='bbox 885 3021 1063 3083; x_wconf 76' lang='lat' dir='ltr'>declaratae</span> <span class='ocrx_word' id='word_1_217' title='bbox 1080 3023 1150 3107; x_wconf 78' lang='lat' dir='ltr'>lege</span> <span class='ocrx_word' id='word_1_218' title='bbox 1181 3014 1184 3021; x_wconf 43' lang='lat'><strong>¹</strong></span> 
     </span>
     <span class='ocr_line' id='line_1_30' title="bbox 160 3104 1148 3188; baseline 0.004 -23"><span class='ocrx_word' id='word_1_219' title='bbox 160 3110 189 3165; x_wconf 82' lang='lat' dir='ltr'>in</span> <span class='ocrx_word' id='word_1_220' title='bbox 210 3109 288 3166; x_wconf 84' lang='lat' dir='ltr'>circo</span> <span class='ocrx_word' id='word_1_221' title='bbox 305 3104 475 3188; x_wconf 77' lang='lat' dir='ltr'>Flaiuinio]</span> <span class='ocrx_word' id='word_1_222' title='bbox 509 3105 603 3165; x_wconf 91' lang='lat' dir='ltr'>Pom·</span> <span class='ocrx_word' id='word_1_223' title='bbox 659 3107 1148 3186; x_wconf 76' lang='lat' dir='ltr'>sueruntnundinae,coeperuut,</span> 
     </span>
     <span class='ocr_line' id='line_1_31' title="bbox 114 3189 1146 3276; baseline 0.004 -25"><span class='ocrx_word' id='word_1_224' title='bbox 114 3197 205 3276; x_wconf 74' lang='lat' dir='ltr'>peius</span> <span class='ocrx_word' id='word_1_225' title='bbox 233 3209 298 3253; x_wconf 80' lang='lat' dir='ltr'>tum</span> <span class='ocrx_word' id='word_1_226' title='bbox 328 3194 388 3252; x_wconf 87' lang='lat' dir='ltr'>suit</span> <span class='ocrx_word' id='word_1_227' title='bbox 411 3192 452 3251; x_wconf 89' lang='lat' dir='ltr'>ad</span> <span class='ocrx_word' id='word_1_228' title='bbox 475 3189 602 3262; x_wconf 86' lang='lat' dir='ltr'>urbem,</span> <span class='ocrx_word' id='word_1_229' title='bbox 658 3208 694 3252; x_wconf 89' lang='lat' dir='ltr'>ut</span> <span class='ocrx_word' id='word_1_230' title='bbox 741 3196 783 3251; x_wconf 91' lang='lat' dir='ltr'>ait</span> <span class='ocrx_word' id='word_1_231' title='bbox 823 3193 907 3251; x_wconf 87' lang='lat' dir='ltr'>idem</span> <span class='ocrx_word' id='word_1_232' title='bbox 945 3192 1146 3266; x_wconf 69' lang='lat' dir='ltr'>Macrobioe,</span> 
     </span>
     <span class='ocr_line' id='line_1_32' title="bbox 114 3273 1186 3360; baseline 0 -22"><span class='ocrx_word' id='word_1_233' title='bbox 114 3276 146 3338; x_wconf 88' lang='lat' dir='ltr'>h.</span> <span class='ocrx_word' id='word_1_234' title='bbox 164 3298 192 3340; x_wconf 84' lang='lat' dir='ltr'>e.</span> <span class='ocrx_word' id='word_1_235' title='bbox 209 3281 242 3338; x_wconf 91' lang='lat' dir='ltr'>in</span> <span class='ocrx_word' id='word_1_236' title='bbox 255 3275 483 3358; x_wconf 82' lang='lat' dir='ltr'>exspectatione</span> <span class='ocrx_word' id='word_1_237' title='bbox 496 3280 602 3334; x_wconf 86' lang='lat' dir='ltr'>trium·</span> <span class='ocrx_word' id='word_1_238' title='bbox 659 3281 764 3338; x_wconf 88' lang='lat' dir='ltr'>omnia</span> <span class='ocrx_word' id='word_1_239' title='bbox 793 3277 999 3360; x_wconf 80' lang='lat' dir='ltr'>negligentiue</span> <span class='ocrx_word' id='word_1_240' title='bbox 1023 3273 1147 3350; x_wconf 76' lang='lat' dir='ltr'>haberi,</span> <span class='ocrx_word' id='word_1_241' title='bbox 1180 3274 1186 3293; x_wconf 83' lang='lat'><em>⁴</em></span> 
     </span>
     <span class='ocr_line' id='line_1_33' title="bbox 113 3358 1149 3445; baseline 0 -23"><span class='ocrx_word' id='word_1_242' title='bbox 113 3361 188 3445; x_wconf 85' lang='lat' dir='ltr'>phi,</span> <span class='ocrx_word' id='word_1_243' title='bbox 221 3377 254 3423; x_wconf 85' lang='lat' dir='ltr'>et</span> <span class='ocrx_word' id='word_1_244' title='bbox 279 3358 424 3423; x_wconf 79' lang='lat' dir='ltr'>remansit</span> <span class='ocrx_word' id='word_1_245' title='bbox 446 3376 530 3421; x_wconf 86' lang='lat' dir='ltr'>extra</span> <span class='ocrx_word' id='word_1_246' title='bbox 551 3382 602 3420; x_wconf 86' lang='lat' dir='ltr'>ur·</span> <span class='ocrx_word' id='word_1_247' title='bbox 658 3378 693 3422; x_wconf 94' lang='lat' dir='ltr'>ut</span> <span class='ocrx_word' id='word_1_248' title='bbox 719 3365 819 3421; x_wconf 83' lang='lat' dir='ltr'>minus</span> <span class='ocrx_word' id='word_1_249' title='bbox 847 3367 959 3421; x_wconf 86' lang='lat' dir='ltr'>mirum</span> <span class='ocrx_word' id='word_1_250' title='bbox 985 3358 1022 3422; x_wconf 83' lang='lat' dir='ltr'>stt</span> <span class='ocrx_word' id='word_1_251' title='bbox 1040 3360 1149 3423; x_wconf 77' lang='lat' dir='ltr'>sevisti·</span> 
     </span>
     <span class='ocr_line' id='line_1_34' title="bbox 114 3446 1148 3529; baseline 0 -20"><span class='ocrx_word' id='word_1_252' title='bbox 114 3448 206 3520; x_wconf 87' lang='lat' dir='ltr'>bem,</span> <span class='ocrx_word' id='word_1_253' title='bbox 228 3467 333 3529; x_wconf 87' lang='lat' dir='ltr'>prope</span> <span class='ocrx_word' id='word_1_254' title='bbox 349 3446 391 3507; x_wconf 86' lang='lat' dir='ltr'>ad</span> <span class='ocrx_word' id='word_1_255' title='bbox 407 3451 520 3507; x_wconf 85' lang='lat' dir='ltr'>exitum</span> <span class='ocrx_word' id='word_1_256' title='bbox 536 3451 600 3508; x_wconf 79' lang='lat' dir='ltr'>eius</span> <span class='ocrx_word' id='word_1_257' title='bbox 621 3453 624 3459; x_wconf 82' lang='lat'>&#39;</span> <span class='ocrx_word' id='word_1_258' title='bbox 657 3467 743 3507; x_wconf 89' lang='lat' dir='ltr'>mum</span> <span class='ocrx_word' id='word_1_259' title='bbox 753 3446 909 3506; x_wconf 84' lang='lat' dir='ltr'>tribunum</span> <span class='ocrx_word' id='word_1_260' title='bbox 925 3452 999 3506; x_wconf 88' lang='lat' dir='ltr'>iure</span> <span class='ocrx_word' id='word_1_261' title='bbox 1014 3452 1148 3510; x_wconf 80' lang='lat' dir='ltr'>maxime</span> 
     </span>
     <span class='ocr_line' id='line_1_35' title="bbox 115 3528 1148 3614; baseline -0.002 -19"><span class='ocrx_word' id='word_1_262' title='bbox 115 3537 205 3605; x_wconf 73' lang='lat' dir='ltr'>enni,</span> <span class='ocrx_word' id='word_1_263' title='bbox 226 3552 293 3614; x_wconf 90' lang='lat' dir='ltr'>quo</span> <span class='ocrx_word' id='word_1_264' title='bbox 307 3529 523 3613; x_wconf 83' lang='lat' dir='ltr'>triumphavit,</span> <span class='ocrx_word' id='word_1_265' title='bbox 545 3538 602 3592; x_wconf 87' lang='lat' dir='ltr'>ita·</span> <span class='ocrx_word' id='word_1_266' title='bbox 658 3530 764 3613; x_wconf 78' lang='lat' dir='ltr'>ausum</span> <span class='ocrx_word' id='word_1_267' title='bbox 792 3528 853 3591; x_wconf 85' lang='lat' dir='ltr'>esse</span> <span class='ocrx_word' id='word_1_268' title='bbox 883 3536 1067 3592; x_wconf 87' lang='lat' dir='ltr'>concionem</span> <span class='ocrx_word' id='word_1_269' title='bbox 1095 3533 1148 3593; x_wconf 85' lang='lat' dir='ltr'>die</span> 
     </span>
     <span class='ocr_line' id='line_1_36' title="bbox 13 3613 1145 3702; baseline -0.001 -22"><span class='ocrx_word' id='word_1_270' title='bbox 13 3630 17 3635; x_wconf 83' lang='lat'>&#39;</span> <span class='ocrx_word' id='word_1_271' title='bbox 115 3637 180 3702; x_wconf 90' lang='lat' dir='ltr'>que</span> <span class='ocrx_word' id='word_1_272' title='bbox 211 3620 243 3677; x_wconf 93' lang='lat' dir='ltr'>in</span> <span class='ocrx_word' id='word_1_273' title='bbox 273 3622 355 3681; x_wconf 90' lang='lat' dir='ltr'>circo</span> <span class='ocrx_word' id='word_1_274' title='bbox 369 3618 519 3679; x_wconf 89' lang='lat' dir='ltr'>Flaminio</span> <span class='ocrx_word' id='word_1_275' title='bbox 552 3639 600 3677; x_wconf 78' lang='lat' dir='ltr'>ree</span> <span class='ocrx_word' id='word_1_276' title='bbox 646 3618 864 3679; x_wconf 78' lang='lat' dir='ltr'>nundinarum</span> <span class='ocrx_word' id='word_1_277' title='bbox 880 3638 1005 3699; x_wconf 83' lang='lat' dir='ltr'>cogere.</span> <span class='ocrx_word' id='word_1_278' title='bbox 1025 3613 1145 3693; x_wconf 76' lang='lat' dir='ltr'>Casani.</span> 
     </span>
     <span class='ocr_line' id='line_1_37' title="bbox 115 3700 1145 3786; baseline -0.003 -20"><span class='ocrx_word' id='word_1_279' title='bbox 115 3719 185 3766; x_wconf 88' lang='lat' dir='ltr'>acta</span> <span class='ocrx_word' id='word_1_280' title='bbox 214 3703 292 3777; x_wconf 89' lang='lat' dir='ltr'>suit,</span> <span class='ocrx_word' id='word_1_281' title='bbox 338 3707 393 3786; x_wconf 91' lang='lat' dir='ltr'>qui</span> <span class='ocrx_word' id='word_1_282' title='bbox 420 3719 487 3765; x_wconf 86' lang='lat' dir='ltr'>erat</span> <span class='ocrx_word' id='word_1_283' title='bbox 515 3704 601 3763; x_wconf 77' lang='lat' dir='ltr'>extra</span> <span class='ocrx_word' id='word_1_284' title='bbox 700 3723 760 3782; x_wconf 80' lang='lat' dir='ltr'>quo</span> <span class='ocrx_word' id='word_1_285' title='bbox 778 3704 896 3778; x_wconf 84' lang='lat' dir='ltr'>consilio</span> <span class='ocrx_word' id='word_1_286' title='bbox 905 3700 919 3782; x_wconf 70' lang='lat' dir='ltr'>j</span> <span class='ocrx_word' id='word_1_287' title='bbox 941 3707 961 3762; x_wconf 91' lang='lat' dir='ltr'>i.</span> <span class='ocrx_word' id='word_1_288' title='bbox 983 3723 1009 3763; x_wconf 88' lang='lat' dir='ltr'>e.</span> <span class='ocrx_word' id='word_1_289' title='bbox 1034 3703 1145 3784; x_wconf 75' lang='lat' dir='ltr'>quibua</span> 
     </span>
     <span class='ocr_line' id='line_1_38' title="bbox 113 3787 818 3851; baseline -0.007 1"><span class='ocrx_word' id='word_1_290' title='bbox 113 3787 236 3851; x_wconf 87' lang='lat' dir='ltr'>urbem.</span> <span class='ocrx_word' id='word_1_291' title='bbox 656 3787 818 3848; x_wconf 84' lang='lat' dir='ltr'>iudicibus.</span> 
     </span>
     <span class='ocr_line' id='line_1_39' title="bbox 126 3868 1145 3953; baseline 0.003 -25"><span class='ocrx_word' id='word_1_292' title='bbox 126 3910 129 3917; x_wconf 39' lang='grc' dir='ltr'>ι</span> <span class='ocrx_word' id='word_1_293' title='bbox 166 3874 374 3941; x_wconf 70' lang='lat' dir='ltr'>⁴ntmdiucuum</span> <span class='ocrx_word' id='word_1_294' title='bbox 423 3870 599 3953; x_wconf 70' lang='grc' dir='ltr'>πανήγυρις]</span> <span class='ocrx_word' id='word_1_295' title='bbox 699 3877 736 3930; x_wconf 83' lang='lat' dir='ltr'>dc</span> <span class='ocrx_word' id='word_1_296' title='bbox 756 3870 901 3930; x_wconf 82' lang='lat' dir='ltr'>Clodiana</span> <span class='ocrx_word' id='word_1_297' title='bbox 914 3868 1084 3953; x_wconf 78' lang='lat' dir='ltr'>religione]</span> <span class='ocrx_word' id='word_1_298' title='bbox 1105 3869 1145 3931; x_wconf 76' lang='lat' dir='ltr'>de</span> 
     </span>
     <span class='ocr_line' id='line_1_40' title="bbox 113 3955 1144 4039; baseline -0.006 -20"><span class='ocrx_word' id='word_1_299' title='bbox 113 3957 256 4019; x_wconf 80' lang='lat' dir='ltr'>Moribus</span> <span class='ocrx_word' id='word_1_300' title='bbox 277 3959 426 4019; x_wconf 86' lang='lat' dir='ltr'>Romanis</span> <span class='ocrx_word' id='word_1_301' title='bbox 456 3978 521 4039; x_wconf 91' lang='lat' dir='ltr'>quo</span> <span class='ocrx_word' id='word_1_302' title='bbox 548 3957 600 4015; x_wconf 90' lang='lat' dir='ltr'>die</span> <span class='ocrx_word' id='word_1_303' title='bbox 656 3955 745 4017; x_wconf 85' lang='lat' dir='ltr'>sacris</span> <span class='ocrx_word' id='word_1_304' title='bbox 775 3959 884 4017; x_wconf 78' lang='lat' dir='ltr'>Bonae</span> <span class='ocrx_word' id='word_1_305' title='bbox 913 3959 1002 4018; x_wconf 87' lang='lat' dir='ltr'>Deae</span> <span class='ocrx_word' id='word_1_306' title='bbox 1040 3956 1144 4015; x_wconf 84' lang='lat' dir='ltr'>Clodii</span> 
     </span>
     <span class='ocr_line' id='line_1_41' title="bbox 112 4037 1142 4123; baseline -0.008 -19"><span class='ocrx_word' id='word_1_307' title='bbox 112 4043 269 4123; x_wconf 76' lang='lat' dir='ltr'>nundinae</span> <span class='ocrx_word' id='word_1_308' title='bbox 285 4060 372 4105; x_wconf 86' lang='lat' dir='ltr'>erant</span> <span class='ocrx_word' id='word_1_309' title='bbox 380 4085 390 4118; x_wconf 88' lang='lat'>‚</span> <span class='ocrx_word' id='word_1_310' title='bbox 412 4063 481 4105; x_wconf 89' lang='lat' dir='ltr'>cum</span> <span class='ocrx_word' id='word_1_311' title='bbox 497 4061 600 4121; x_wconf 92' lang='lat' dir='ltr'>popu·</span> <span class='ocrx_word' id='word_1_312' title='bbox 655 4042 771 4105; x_wconf 83' lang='lat' dir='ltr'>sceiere</span> <span class='ocrx_word' id='word_1_313' title='bbox 785 4045 1010 4104; x_wconf 76' lang='lat' dir='ltr'>contaminatis.</span> <span class='ocrx_word' id='word_1_314' title='bbox 1022 4037 1142 4099; x_wconf 81' lang='lat' dir='ltr'>Manet.</span> 
     </span>
    </p>
   </div>
   <div class='ocr_carea' id='block_1_5' title="bbox 0 0 1294 4792">
    <p class='ocr_par' dir='ltr' id='par_1_6' title="bbox 0 0 1294 4792">
     <span class='ocr_line' id='line_1_42' title="bbox 0 0 1294 4792; baseline 0 3"><span class='ocrx_word' id='word_1_315' title='bbox 0 0 1294 4792; x_wconf 95' lang='lat' dir='ltr'> </span> 
     </span>
    </p>
   </div>
  </div>
 </body>
</html>
