2506 4808
28 218 32 225 ¹
118 283 180 358 aa
386 261 675 334 urssrouc
715 262 872 336 xxrx,
987 340 990 345 .

157 471 287 520 tractam
307 459 364 544 effe
387 455 566 530 condictum
596 479 620 520 r.
666 462 773 519 deinde
799 462 938 519 hortatur
957 450 1047 532 ftair

158 562 292 624 animum
312 565 470 639 demittat,
487 562 544 636 sed
558 561 686 638 negotiis
707 562 836 638 resistat,
857 573 948 639 atque
961 566 1041 624 adeo

159 677 227 740 rat,
252 667 363 747 quippe
388 682 480 744 quum
504 682 564 720 non
587 683 653 722 eam
674 675 792 738 partem
813 665 860 720 rei
881 667 960 739 publ.
984 687 1047 746 gen

159 790 217 849 qua
228 767 360 840 fortuna
382 767 568 837 dominetur,
583 766 640 840 sed
661 768 691 824 iu
714 785 769 842 qua
783 766 946 841 plurimum
964 771 1046 828 ratio

157 884 188 933 et
206 869 432 947 diligentiau.
481 862 601 926 Deinde
623 868 771 944 praecipit
798 870 931 943 primum
949 880 984 928 ut
1003 891 1047 933 aar

159 974 283 1033 comites
305 980 336 1028 et
357 969 510 1026 adiutores
525 972 714 1046 negotiorum
736 988 784 1028 res
802 972 920 1045 publica
935 973 1000 1049 ipsa
1017 977 1047 1034 dc

162 1079 193 1136 in
216 1070 317 1144 officio
340 1070 510 1139 contiueat;
532 1083 562 1144 3.
607 1081 642 1128 ut
667 1074 869 1130 convictorum
892 1084 924 1132 et
944 1096 1047 1152 appar.

152 1177 244 1250 facta
260 1185 290 1233 et
303 1175 384 1232 dicta
398 1172 458 1247 sibi
471 1171 649 1247 praestanda
670 1173 726 1248 effe
740 1173 872 1252 cogitem
893 1183 924 1254 4.
961 1188 997 1235 ut
1010 1199 1047 1262 qe

128 1265 133 1273 ¹
157 1275 387 1357 prouincialibus
408 1276 455 1332 uel
478 1269 619 1332 Romanis
645 1278 692 1333 oel
713 1269 836 1334 Graecis
848 1274 1046 1359 fidendumſs

159 1383 290 1462 ligenter
303 1376 519 1453 circumspiciat
524 1394 539 1447 ,⁶
553 1387 583 1449 5.
626 1386 659 1433 ut
672 1376 777 1453 seruos
790 1382 882 1457 ‘graui
900 1390 931 1438 et
946 1383 1046 1459 consta

114 1476 132 1531 ὐ
150 1484 281 1562 sciplina
308 1487 451 1538 coerceat.
473 1477 503 1540 6.
546 1471 708 1539 Praeterea
734 1480 898 1557 severitate
918 1483 981 1540 eius
1008 1486 1039 1544 in

153 1584 320 1665 statuendis
342 1590 371 1638 et
388 1578 578 1636 decernendis
602 1582 740 1654 laudata,
771 1584 1012 1660 aequabilitatem
1037 1591 1046 1648 i

158 1687 282 1748 dicendo
305 1703 334 1763 7.
380 1679 568 1752 facilitatem
592 1683 622 1739 in
638 1684 802 1756 audiendo,
822 1686 977 1746 lenitatem
999 1691 1031 1748 in

160 1791 267 1861 nendo,
283 1782 590 1860 insatisfaciendoac
604 1786 781 1859 disputando
796 1787 989 1864 diligentiam
1006 1811 1046 1849 cos

157 1894 222 1951 dat.
245 1899 277 1962 8.
321 1881 363 1944 Et
383 1906 471 1963 quum
492 1887 529 1944 iis
543 1887 598 1967 qui
620 1887 851 1963 praestandis,
873 1893 975 1950 amnia
998 1895 1046 1952 luuc

154 1996 250 2056 renda
266 1972 407 2068 simut
430 1988 469 2061 ii,
509 1990 558 2066 qui
577 1987 700 2060 fuerint
729 1989 761 2045 in
787 2010 889 2048 eorum
913 1993 1041 2067 imperio

155 2116 243 2175 quam
262 2082 434 2168 iserdiffimi,
461 2093 515 2151 luoc
536 2116 556 2151 a
568 2091 675 2164 fratre
686 2092 805 2170 summa
829 2094 989 2170 diligentia
1010 2118 1044 2155 cu

131 2197 228 2273 “ff“
246 2195 368 2271 lingula
389 2197 450 2252 eius
472 2198 581 2254 merita
600 2194 794 2270 percensenda
820 2196 941 2269 laudat,
973 2199 1005 2256 in
1020 2223 1045 2260 eu

112 2328 118 2335 ·
157 2300 306 2358 rationem
321 2306 353 2353 ut
366 2317 459 2372 porro
475 2300 556 2355 omni
560 2297 664 2372 studio
677 2297 824 2355 incumbat
833 2297 973 2356 hortatur
978 2321 993 2370 ς
1010 2321 1039 2383 9.

155 2410 210 2480 que
233 2409 265 2456 ut
284 2399 445 2473 publicanis
467 2418 519 2458 nec
547 2400 666 2457 oruuino
691 2397 880 2472 adversetur,
912 2422 965 2459 nec
988 2405 1025 2463 iis

157 2503 257 2561 amnia
271 2478 431 2573 concedat,
452 2513 562 2563 monet.
586 2521 636 2564 ro.
683 2495 826 2582 Denique
847 2512 879 2558 ut
893 2503 1045 2565 iracundia

151 2606 216 2681 stat
249 2623 296 2662 11.
337 2605 512 2680 omninoque
540 2614 636 2661 totum
669 2604 800 2661 animum
830 2607 860 2661 in
894 2609 1026 2667 omnium

122 2763 138 2772 ,,
156 2707 326 2786 colligenda
345 2716 458 2780 ponat,
482 2703 627 2776 fraterno
647 2725 714 2762 eum
735 2704 834 2788 auimo
853 2719 954 2784 rogat.
978 2731 1026 2772 η.

306 2861 538 2954 umacus
570 2885 613 2979 Q.
649 2884 884 2963 FRATRI,
919 2887 959 2956 s,

193 3037 260 3104 Etfi
284 3060 353 3103 non
375 3037 588 3112 dubitabam,
624 3044 705 3121 quin
731 3037 819 3104 hanc
845 3041 1021 3130 epistolam

111 3146 238 3216 nuntii,
258 3141 348 3205 fama
371 3139 516 3224 denique
532 3138 613 3204 esset
635 3138 704 3230 ipsu
720 3139 774 3208 iua
791 3141 965 3210 celeritate
981 3144 1044 3235 supr

111 3461 191 3532 duos
221 3463 262 3524 de
290 3459 449 3549 horrorum
477 3460 597 3538 studio,
654 3462 863 3546 Theophrasti
899 3465 990 3550 [utile
1016 3490 1044 3551 ps

110 3568 191 3631 quos
223 3553 365 3610 nominat
392 3552 424 3608 in
447 3552 511 3608 eius
535 3555 597 3610 vita
654 3550 738 3613 libtis
755 3552 796 3610 de
812 3554 906 3636 Legg.
920 3556 975 3615 111.
992 3557 1020 3617 6.
1042 3606 1043 3610 ,

107 3634 257 3697 Laertius.
300 3628 421 3693 Manut.
468 3635 519 3693 Sic
553 3634 597 3694 le·
654 3636 692 3695 V.
713 3651 765 3715 49.
797 3635 905 3697 laudat
932 3643 1044 3724 aspici

107 3724 191 3804 gitur
228 3721 424 3780 correctione
445 3719 595 3794 Victorii,
654 3728 809 3790 πολιτείας.
886 3724 961 3783 Non
1003 3725 1043 3785 dit

108 3818 206 3887 quum
236 3821 327 3865 antea
354 3803 511 3886 legeretur
550 3818 595 3878 φι·
654 3808 842 3870 coniectura.
888 3802 1019 3886 Ernesti.

106 3893 267 3967 lopati«.
307 3890 342 3949 In
372 3891 431 3949 Ms.
466 3890 525 3949 fuit
549 3902 592 3961 os·
693 3887 784 3968 Epist.
800 3892 918 3952 XXIX.
967 3917 996 3954 ι.
1014 3895 1043 3966 fu

105 3980 230 4043 latriae.
297 3972 471 4034 Tuniialius
518 3972 594 4055 legit
651 3972 734 4056 ipsa]
757 3977 894 4037 Verbum
911 3981 1039 4058 denique

106 4061 170 4144 urci
184 4065 328 4130 πολιτείας
343 4059 467 4141 quolam
480 4055 593 4118 librum
651 4059 691 4120 de
713 4064 809 4120 eriam
836 4061 1042 4130 consuetudo
