<?xml version="1.0" encoding="UTF-8"?>
<!DOCTYPE html PUBLIC "-//W3C//DTD XHTML 1.0 Transitional//EN"
    "http://www.w3.org/TR/xhtml1/DTD/xhtml1-transitional.dtd">
<html xmlns="http://www.w3.org/1999/xhtml" xml:lang="en" lang="en">
 <head>
  <title>
</title>
<meta http-equiv="Content-Type" content="text/html;charset=utf-8" />
  <meta name='ocr-system' content='tesseract 3.04.00' />
  <meta name='ocr-capabilities' content='ocr_page ocr_carea ocr_par ocr_line ocrx_word'/>
</head>
<body>
  <div class='ocr_page' id='page_1' title='image "./mtciceronisepis00billgoog/mtciceronisepis00billgoog_0145.png"; bbox 0 0 2580 4792; ppageno 0'>
   <div class='ocr_carea' id='block_1_1' title="bbox 91 291 959 407">
    <p class='ocr_par' dir='ltr' id='par_1_1' title="bbox 91 291 959 407">
     <span class='ocr_line' id='line_1_1' title="bbox 91 291 959 407; baseline -0.008 -37"><span class='ocrx_word' id='word_1_1' title='bbox 91 338 99 352; x_wconf 78' lang='lat'><strong>·</strong></span> <span class='ocrx_word' id='word_1_2' title='bbox 204 318 262 387; x_wconf 58' lang='grc' dir='ltr'>ψ</span> <span class='ocrx_word' id='word_1_3' title='bbox 390 292 431 385; x_wconf 52' lang='grc' dir='ltr'><strong>χ</strong></span> <span class='ocrx_word' id='word_1_4' title='bbox 477 291 764 407; x_wconf 63' lang='lat' dir='ltr'>urrunnun</span> <span class='ocrx_word' id='word_1_5' title='bbox 806 292 959 363; x_wconf 75' lang='lat' dir='ltr'>xxvu</span> 
     </span>
    </p>
   </div>
   <div class='ocr_carea' id='block_1_2' title="bbox 200 480 1241 1792">
    <p class='ocr_par' dir='ltr' id='par_1_2' title="bbox 200 480 1241 1792">
     <span class='ocr_line' id='line_1_2' title="bbox 202 480 1241 579; baseline -0.003 -24"><span class='ocrx_word' id='word_1_6' title='bbox 202 486 382 559; x_wconf 72' lang='lat' dir='ltr'>accedant,</span> <span class='ocrx_word' id='word_1_7' title='bbox 405 482 467 548; x_wconf 85' lang='lat' dir='ltr'>alia</span> <span class='ocrx_word' id='word_1_8' title='bbox 484 496 596 549; x_wconf 85' lang='lat' dir='ltr'>autem</span> <span class='ocrx_word' id='word_1_9' title='bbox 611 483 804 572; x_wconf 81' lang='lat' dir='ltr'>negligant:</span> <span class='ocrx_word' id='word_1_10' title='bbox 824 504 940 549; x_wconf 88' lang='lat' dir='ltr'>noune</span> <span class='ocrx_word' id='word_1_11' title='bbox 960 483 1023 548; x_wconf 86' lang='lat' dir='ltr'>tibi</span> <span class='ocrx_word' id='word_1_12' title='bbox 1045 480 1241 579; x_wconf 70' lang='lat' dir='ltr'>latisprm13</span> 
     </span>
     <span class='ocr_line' id='line_1_3' title="bbox 202 581 1239 676; baseline -0.003 -22"><span class='ocrx_word' id='word_1_13' title='bbox 202 587 268 654; x_wconf 80' lang='lat' dir='ltr'>elle</span> <span class='ocrx_word' id='word_1_14' title='bbox 283 587 417 659; x_wconf 84' lang='lat' dir='ltr'>videor,</span> <span class='ocrx_word' id='word_1_15' title='bbox 438 583 459 648; x_wconf 88' lang='lat' dir='ltr'>fi</span> <span class='ocrx_word' id='word_1_16' title='bbox 481 584 636 673; x_wconf 87' lang='lat' dir='ltr'>perficio,</span> <span class='ocrx_word' id='word_1_17' title='bbox 659 598 697 650; x_wconf 89' lang='lat' dir='ltr'>ut</span> <span class='ocrx_word' id='word_1_18' title='bbox 717 585 827 651; x_wconf 86' lang='lat' dir='ltr'>nolint</span> <span class='ocrx_word' id='word_1_19' title='bbox 847 581 976 657; x_wconf 77' lang='lat' dir='ltr'>obesse,</span> <span class='ocrx_word' id='word_1_20' title='bbox 996 590 1054 668; x_wconf 92' lang='lat' dir='ltr'>qui</span> <span class='ocrx_word' id='word_1_21' title='bbox 1075 585 1239 676; x_wconf 80' lang='lat' dir='ltr'>possunt?</span> 
     </span>
     <span class='ocr_line' id='line_1_4' title="bbox 200 685 1238 778; baseline -0.002 -24"><span class='ocrx_word' id='word_1_22' title='bbox 200 688 289 754; x_wconf 81' lang='lat' dir='ltr'>Nam</span> <span class='ocrx_word' id='word_1_23' title='bbox 304 687 470 753; x_wconf 85' lang='lat' dir='ltr'>Catonem</span> <span class='ocrx_word' id='word_1_24' title='bbox 491 687 642 753; x_wconf 86' lang='lat' dir='ltr'>nostrum</span> <span class='ocrx_word' id='word_1_25' title='bbox 658 709 727 752; x_wconf 90' lang='lat' dir='ltr'>non</span> <span class='ocrx_word' id='word_1_26' title='bbox 749 699 788 752; x_wconf 90' lang='lat' dir='ltr'>tu</span> <span class='ocrx_word' id='word_1_27' title='bbox 806 707 896 751; x_wconf 87' lang='lat' dir='ltr'>amas</span> <span class='ocrx_word' id='word_1_28' title='bbox 917 685 1014 774; x_wconf 83' lang='lat' dir='ltr'>plus,</span> <span class='ocrx_word' id='word_1_29' title='bbox 1036 707 1138 769; x_wconf 87' lang='lat' dir='ltr'>quarn</span> <span class='ocrx_word' id='word_1_30' title='bbox 1160 712 1238 778; x_wconf 82' lang='lat' dir='ltr'>ego.</span> 
     </span>
     <span class='ocr_line' id='line_1_5' title="bbox 202 784 1239 877; baseline 0.002 -23"><span class='ocrx_word' id='word_1_31' title='bbox 202 789 273 861; x_wconf 87' lang='lat' dir='ltr'>Sed</span> <span class='ocrx_word' id='word_1_32' title='bbox 293 802 406 855; x_wconf 81' lang='lat' dir='ltr'>tamen</span> <span class='ocrx_word' id='word_1_33' title='bbox 428 787 503 863; x_wconf 87' lang='lat' dir='ltr'>ille,</span> <span class='ocrx_word' id='word_1_34' title='bbox 526 795 657 877; x_wconf 86' lang='lat' dir='ltr'>optimo</span> <span class='ocrx_word' id='word_1_35' title='bbox 680 794 793 852; x_wconf 86' lang='lat' dir='ltr'>animo</span> <span class='ocrx_word' id='word_1_36' title='bbox 809 799 927 860; x_wconf 78' lang='lat' dir='ltr'>utenS,</span> <span class='ocrx_word' id='word_1_37' title='bbox 949 799 984 851; x_wconf 82' lang='lat' dir='ltr'>et</span> <span class='ocrx_word' id='word_1_38' title='bbox 1008 784 1137 853; x_wconf 85' lang='lat' dir='ltr'>summa</span> <span class='ocrx_word' id='word_1_39' title='bbox 1159 786 1239 869; x_wconf 83' lang='lat' dir='ltr'>fide,</span> 
     </span>
     <span class='ocr_line' id='line_1_6' title="bbox 201 888 1238 980; baseline -0.001 -23"><span class='ocrx_word' id='word_1_40' title='bbox 201 904 306 958; x_wconf 88' lang='lat' dir='ltr'>nocet</span> <span class='ocrx_word' id='word_1_41' title='bbox 320 891 492 956; x_wconf 89' lang='lat' dir='ltr'>interdum</span> <span class='ocrx_word' id='word_1_42' title='bbox 510 898 558 956; x_wconf 91' lang='lat' dir='ltr'>rei</span> <span class='ocrx_word' id='word_1_43' title='bbox 572 891 736 980; x_wconf 83' lang='lat' dir='ltr'>publicae.</span> <span class='ocrx_word' id='word_1_44' title='bbox 777 888 873 954; x_wconf 90' lang='lat' dir='ltr'>Dicit</span> <span class='ocrx_word' id='word_1_45' title='bbox 894 893 984 952; x_wconf 87' lang='lat' dir='ltr'>enim</span> <span class='ocrx_word' id='word_1_46' title='bbox 1006 900 1181 974; x_wconf 83' lang='lat' dir='ltr'><strong>tamquam</strong></span> <span class='ocrx_word' id='word_1_47' title='bbox 1200 897 1238 963; x_wconf 86' lang='lat' dir='ltr'>iu</span> 
     </span>
     <span class='ocr_line' id='line_1_7' title="bbox 203 988 1240 1078; baseline 0.001 -19"><span class='ocrx_word' id='word_1_48' title='bbox 203 991 355 1059; x_wconf 89' lang='lat' dir='ltr'>Platonis</span> <span class='ocrx_word' id='word_1_49' title='bbox 371 991 532 1077; x_wconf 70' lang='grc' dir='ltr'>πολιτείᾳ,</span> <span class='ocrx_word' id='word_1_50' title='bbox 555 1017 625 1059; x_wconf 91' lang='lat' dir='ltr'>non</span> <span class='ocrx_word' id='word_1_51' title='bbox 640 992 812 1078; x_wconf 72' lang='lat' dir='ltr'>tanlquam</span> <span class='ocrx_word' id='word_1_52' title='bbox 827 996 864 1055; x_wconf 92' lang='lat' dir='ltr'>in</span> <span class='ocrx_word' id='word_1_53' title='bbox 878 988 1016 1055; x_wconf 87' lang='lat' dir='ltr'>Romuli</span> <span class='ocrx_word' id='word_1_54' title='bbox 1032 991 1151 1066; x_wconf 81' lang='lat' dir='ltr'>faece,</span> <span class='ocrx_word' id='word_1_55' title='bbox 1170 991 1240 1059; x_wconf 82' lang='lat' dir='ltr'>len·</span> 
     </span>
     <span class='ocr_line' id='line_1_8' title="bbox 200 1091 1239 1183; baseline -0.006 -23"><span class='ocrx_word' id='word_1_56' title='bbox 200 1100 355 1160; x_wconf 83' lang='lat' dir='ltr'>tentiam.</span> <span class='ocrx_word' id='word_1_57' title='bbox 399 1092 491 1183; x_wconf 80' lang='lat' dir='ltr'>Quid</span> <span class='ocrx_word' id='word_1_58' title='bbox 508 1100 640 1170; x_wconf 82' lang='lat' dir='ltr'>verius,</span> <span class='ocrx_word' id='word_1_59' title='bbox 661 1117 762 1180; x_wconf 86' lang='lat' dir='ltr'>quam</span> <span class='ocrx_word' id='word_1_60' title='bbox 782 1098 819 1156; x_wconf 90' lang='lat' dir='ltr'>in</span> <span class='ocrx_word' id='word_1_61' title='bbox 840 1091 1002 1157; x_wconf 87' lang='lat' dir='ltr'>iudicium</span> <span class='ocrx_word' id='word_1_62' title='bbox 1021 1097 1158 1167; x_wconf 87' lang='lat' dir='ltr'>venire,</span> <span class='ocrx_word' id='word_1_63' title='bbox 1179 1101 1239 1178; x_wconf 87' lang='lat' dir='ltr'>qui</span> 
     </span>
     <span class='ocr_line' id='line_1_9' title="bbox 204 1188 1238 1286; baseline 0.001 -26"><span class='ocrx_word' id='word_1_64' title='bbox 204 1199 340 1261; x_wconf 87' lang='lat' dir='ltr'>obrem</span> <span class='ocrx_word' id='word_1_65' title='bbox 361 1195 577 1260; x_wconf 81' lang='lat' dir='ltr'>iudicandam</span> <span class='ocrx_word' id='word_1_66' title='bbox 596 1203 775 1286; x_wconf 84' lang='lat' dir='ltr'>pecuniam</span> <span class='ocrx_word' id='word_1_67' title='bbox 792 1188 982 1281; x_wconf 81' lang='lat' dir='ltr'>acceperit?</span> <span class='ocrx_word' id='word_1_68' title='bbox 1004 1191 1144 1259; x_wconf 77' lang='lat' dir='ltr'>Censuit</span> <span class='ocrx_word' id='word_1_69' title='bbox 1169 1193 1238 1261; x_wconf 91' lang='lat' dir='ltr'>hoc</span> 
     </span>
     <span class='ocr_line' id='line_1_10' title="bbox 205 1292 1238 1381; baseline 0 -17"><span class='ocrx_word' id='word_1_70' title='bbox 205 1296 304 1364; x_wconf 80' lang='lat' dir='ltr'>Cato.</span> <span class='ocrx_word' id='word_1_71' title='bbox 347 1294 492 1361; x_wconf 72' lang='lat' dir='ltr'>Assensit</span> <span class='ocrx_word' id='word_1_72' title='bbox 513 1296 658 1364; x_wconf 84' lang='lat' dir='ltr'>senatus.</span> <span class='ocrx_word' id='word_1_73' title='bbox 702 1299 841 1381; x_wconf 85' lang='lat' dir='ltr'>Equites</span> <span class='ocrx_word' id='word_1_74' title='bbox 863 1298 975 1359; x_wconf 88' lang='lat' dir='ltr'>curiae</span> <span class='ocrx_word' id='word_1_75' title='bbox 995 1292 1143 1371; x_wconf 87' lang='lat' dir='ltr'>bellum,</span> <span class='ocrx_word' id='word_1_76' title='bbox 1164 1320 1238 1364; x_wconf 87' lang='lat' dir='ltr'>nou</span> 
     </span>
     <span class='ocr_line' id='line_1_11' title="bbox 204 1384 1241 1493; baseline 0.004 -31"><span class='ocrx_word' id='word_1_77' title='bbox 204 1396 299 1463; x_wconf 87' lang='lat' dir='ltr'>mihi.</span> <span class='ocrx_word' id='word_1_78' title='bbox 343 1395 431 1460; x_wconf 86' lang='lat' dir='ltr'>Nam</span> <span class='ocrx_word' id='word_1_79' title='bbox 453 1400 519 1488; x_wconf 86' lang='lat' dir='ltr'>ego</span> <span class='ocrx_word' id='word_1_80' title='bbox 536 1397 677 1464; x_wconf 76' lang='lat' dir='ltr'>dissensi.</span> <span class='ocrx_word' id='word_1_81' title='bbox 724 1397 816 1489; x_wconf 81' lang='lat' dir='ltr'>Quid</span> <span class='ocrx_word' id='word_1_82' title='bbox 838 1393 1068 1484; x_wconf 88' lang='lat' dir='ltr'>impudentius</span> <span class='ocrx_word' id='word_1_83' title='bbox 1089 1384 1241 1493; x_wconf 62' lang='lat' dir='ltr'>publica}</span> 
     </span>
     <span class='ocr_line' id='line_1_12' title="bbox 204 1496 1236 1579; baseline 0.002 -12"><span class='ocrx_word' id='word_1_84' title='bbox 204 1504 259 1567; x_wconf 86' lang='lat' dir='ltr'>uis</span> <span class='ocrx_word' id='word_1_85' title='bbox 283 1497 585 1566; x_wconf 85' lang='lat' dir='ltr'>renuntiantibus?</span> <span class='ocrx_word' id='word_1_86' title='bbox 628 1501 705 1566; x_wconf 88' lang='lat' dir='ltr'>Fuit</span> <span class='ocrx_word' id='word_1_87' title='bbox 737 1512 868 1572; x_wconf 83' lang='lat' dir='ltr'>tamen,</span> <span class='ocrx_word' id='word_1_88' title='bbox 909 1496 1088 1569; x_wconf 73' lang='lat' dir='ltr'>retinendi</span> <span class='ocrx_word' id='word_1_89' title='bbox 1102 1501 1236 1579; x_wconf 74' lang='lat' dir='ltr'>ordinis</span> 
     </span>
     <span class='ocr_line' id='line_1_13' title="bbox 206 1598 1236 1686; baseline 0.007 -23"><span class='ocrx_word' id='word_1_90' title='bbox 206 1598 320 1674; x_wconf 74' lang='lat' dir='ltr'>ceula,</span> <span class='ocrx_word' id='word_1_91' title='bbox 351 1600 505 1671; x_wconf 83' lang='lat' dir='ltr'>facienda</span> <span class='ocrx_word' id='word_1_92' title='bbox 531 1608 669 1667; x_wconf 80' lang='lat' dir='ltr'>iactura.</span> <span class='ocrx_word' id='word_1_93' title='bbox 724 1598 874 1671; x_wconf 82' lang='lat' dir='ltr'>Restitit,</span> <span class='ocrx_word' id='word_1_94' title='bbox 908 1611 943 1662; x_wconf 87' lang='lat' dir='ltr'>et</span> <span class='ocrx_word' id='word_1_95' title='bbox 970 1604 1115 1686; x_wconf 89' lang='lat' dir='ltr'>pervicit</span> <span class='ocrx_word' id='word_1_96' title='bbox 1136 1603 1236 1671; x_wconf 82' lang='lat' dir='ltr'>Cato.</span> 
     </span>
     <span class='ocr_line' id='line_1_14' title="bbox 205 1698 1238 1792; baseline 0.006 -27"><span class='ocrx_word' id='word_1_97' title='bbox 205 1701 322 1787; x_wconf 81' lang='lat' dir='ltr'>ltaque</span> <span class='ocrx_word' id='word_1_98' title='bbox 344 1709 457 1779; x_wconf 81' lang='lat' dir='ltr'>nunc‚&#39;</span> <span class='ocrx_word' id='word_1_99' title='bbox 486 1703 677 1769; x_wconf 86' lang='lat' dir='ltr'>consulein</span> <span class='ocrx_word' id='word_1_100' title='bbox 699 1722 836 1765; x_wconf 82' lang='lat' dir='ltr'>carcere</span> <span class='ocrx_word' id='word_1_101' title='bbox 857 1698 1001 1774; x_wconf 79' lang='lat' dir='ltr'>incluso,</span> <span class='ocrx_word' id='word_1_102' title='bbox 1032 1699 1131 1792; x_wconf 79' lang='lat' dir='ltr'>saepe</span> <span class='ocrx_word' id='word_1_103' title='bbox 1153 1710 1238 1770; x_wconf 85' lang='lat' dir='ltr'>item</span> 
     </span>
    </p>
   </div>
   <div class='ocr_carea' id='block_1_3' title="bbox 155 1940 1239 4137">
    <p class='ocr_par' dir='ltr' id='par_1_3' title="bbox 184 1940 1239 2278">
     <span class='ocr_line' id='line_1_15' title="bbox 206 1940 1237 2028; baseline -0.011 -21"><span class='ocrx_word' id='word_1_104' title='bbox 206 1965 359 2028; x_wconf 72' lang='lat' dir='ltr'>perquam</span> <span class='ocrx_word' id='word_1_105' title='bbox 376 1964 478 2006; x_wconf 81' lang='lat' dir='ltr'>rerum</span> <span class='ocrx_word' id='word_1_106' title='bbox 491 1943 568 2005; x_wconf 78' lang='lat' dir='ltr'>luit:</span> <span class='ocrx_word' id='word_1_107' title='bbox 587 1941 695 2028; x_wconf 80' lang='lat' dir='ltr'>liqui·</span> <span class='ocrx_word' id='word_1_108' title='bbox 792 1940 1055 2026; x_wconf 79' lang='lat' dir='ltr'>renuntiantibus]</span> <span class='ocrx_word' id='word_1_109' title='bbox 1099 1943 1237 2009; x_wconf 61' lang='lat' dir='ltr'><strong>Poma„</strong></span> 
     </span>
     <span class='ocr_line' id='line_1_16' title="bbox 184 2024 1237 2112; baseline 0.002 -21"><span class='ocrx_word' id='word_1_110' title='bbox 184 2031 281 2104; x_wconf 63' lang='lat' dir='ltr'>‚dem</span> <span class='ocrx_word' id='word_1_111' title='bbox 297 2035 330 2091; x_wconf 89' lang='lat' dir='ltr'>in</span> <span class='ocrx_word' id='word_1_112' title='bbox 346 2033 483 2100; x_wconf 71' lang='lat' dir='ltr'>vivariis,</span> <span class='ocrx_word' id='word_1_113' title='bbox 506 2033 694 2112; x_wconf 74' lang='lat' dir='ltr'>piscinisque</span> <span class='ocrx_word' id='word_1_114' title='bbox 749 2025 825 2097; x_wconf 77' lang='lat' dir='ltr'>bun,</span> <span class='ocrx_word' id='word_1_115' title='bbox 851 2041 887 2086; x_wconf 90' lang='lat' dir='ltr'>ut</span> <span class='ocrx_word' id='word_1_116' title='bbox 907 2025 1025 2087; x_wconf 80' lang='lat' dir='ltr'>locatio</span> <span class='ocrx_word' id='word_1_117' title='bbox 1050 2024 1237 2093; x_wconf 70' lang='lat' dir='ltr'>Alienorum</span> 
     </span>
     <span class='ocr_line' id='line_1_17' title="bbox 206 2111 1239 2193; baseline 0.007 -18"><span class='ocrx_word' id='word_1_118' title='bbox 206 2135 264 2175; x_wconf 71' lang='lat' dir='ltr'>not</span> <span class='ocrx_word' id='word_1_119' title='bbox 280 2134 345 2175; x_wconf 85' lang='lat' dir='ltr'>uon</span> <span class='ocrx_word' id='word_1_120' title='bbox 362 2112 496 2187; x_wconf 79' lang='lat' dir='ltr'>creviffe,</span> <span class='ocrx_word' id='word_1_121' title='bbox 512 2115 627 2178; x_wconf 74' lang='lat' dir='ltr'>Plinius</span> <span class='ocrx_word' id='word_1_122' title='bbox 642 2121 693 2178; x_wconf 84' lang='lat' dir='ltr'>eit.</span> <span class='ocrx_word' id='word_1_123' title='bbox 749 2111 946 2193; x_wconf 80' lang='lat' dir='ltr'>vectigalium</span> <span class='ocrx_word' id='word_1_124' title='bbox 960 2111 1162 2177; x_wconf 70' lang='lat' dir='ltr'>induceretur</span> <span class='ocrx_word' id='word_1_125' title='bbox 1176 2115 1239 2181; x_wconf 77' lang='lat' dir='ltr'>LI.</span> 
     </span>
     <span class='ocr_line' id='line_1_18' title="bbox 208 2191 1028 2278; baseline -0.005 -21"><span class='ocrx_word' id='word_1_126' title='bbox 208 2195 331 2261; x_wconf 71' lang='lat' dir='ltr'>Manui.</span> <span class='ocrx_word' id='word_1_127' title='bbox 751 2217 802 2278; x_wconf 84' lang='lat' dir='ltr'>ep.</span> <span class='ocrx_word' id='word_1_128' title='bbox 822 2210 869 2267; x_wconf 78' lang='lat'>15.</span> <span class='ocrx_word' id='word_1_129' title='bbox 907 2191 1028 2260; x_wconf 83' lang='lat' dir='ltr'>Munut.</span> 
     </span>
    </p>

    <p class='ocr_par' dir='ltr' id='par_1_4' title="bbox 155 2280 1238 2788">
     <span class='ocr_line' id='line_1_19' title="bbox 250 2280 1236 2370; baseline 0.003 -28"><span class='ocrx_word' id='word_1_130' title='bbox 250 2287 304 2366; x_wconf 80' lang='lat' dir='ltr'>qui</span> <span class='ocrx_word' id='word_1_131' title='bbox 328 2283 369 2341; x_wconf 71' lang='lat' dir='ltr'>id</span> <span class='ocrx_word' id='word_1_132' title='bbox 390 2304 511 2342; x_wconf 82' lang='lat' dir='ltr'>manum</span> <span class='ocrx_word' id='word_1_133' title='bbox 531 2281 695 2365; x_wconf 80' lang='lat' dir='ltr'>accedunt]</span> <span class='ocrx_word' id='word_1_134' title='bbox 793 2282 941 2339; x_wconf 84' lang='lat' dir='ltr'>retinendi</span> <span class='ocrx_word' id='word_1_135' title='bbox 977 2285 1092 2341; x_wconf 77' lang='lat' dir='ltr'>ordinis</span> <span class='ocrx_word' id='word_1_136' title='bbox 1126 2280 1236 2370; x_wconf 82' lang='lat' dir='ltr'>causa]</span> 
     </span>
     <span class='ocr_line' id='line_1_20' title="bbox 206 2365 1236 2446; baseline 0.004 -17"><span class='ocrx_word' id='word_1_137' title='bbox 206 2365 246 2429; x_wconf 81' lang='lat' dir='ltr'>sc.</span> <span class='ocrx_word' id='word_1_138' title='bbox 270 2372 373 2429; x_wconf 70' lang='lat' dir='ltr'>vocati</span> <span class='ocrx_word' id='word_1_139' title='bbox 398 2389 416 2430; x_wconf 82' lang='grc' dir='ltr'>ι</span> <span class='ocrx_word' id='word_1_140' title='bbox 439 2369 571 2430; x_wconf 82' lang='lat' dir='ltr'>domino</span> <span class='ocrx_word' id='word_1_141' title='bbox 600 2368 694 2430; x_wconf 76' lang='lat' dir='ltr'>uduu-</span> <span class='ocrx_word' id='word_1_142' title='bbox 750 2367 801 2426; x_wconf 84' lang='lat' dir='ltr'>Ne</span> <span class='ocrx_word' id='word_1_143' title='bbox 822 2365 904 2426; x_wconf 84' lang='lat' dir='ltr'>otdo</span> <span class='ocrx_word' id='word_1_144' title='bbox 927 2365 1068 2446; x_wconf 82' lang='lat' dir='ltr'>equester</span> <span class='ocrx_word' id='word_1_145' title='bbox 1087 2368 1236 2433; x_wconf 71' lang='lat' dir='ltr'>alienato·</span> 
     </span>
     <span class='ocr_line' id='line_1_21' title="bbox 207 2449 1237 2525; baseline 0.006 -11"><span class='ocrx_word' id='word_1_146' title='bbox 207 2468 294 2525; x_wconf 85' lang='lat' dir='ltr'>tent,</span> <span class='ocrx_word' id='word_1_147' title='bbox 325 2473 452 2517; x_wconf 79' lang='lat' dir='ltr'>tunnurn</span> <span class='ocrx_word' id='word_1_148' title='bbox 481 2453 642 2524; x_wconf 71' lang='lat' dir='ltr'>lenibunt,</span> <span class='ocrx_word' id='word_1_149' title='bbox 677 2473 695 2513; x_wconf 85' lang='lat' dir='ltr'>e</span> <span class='ocrx_word' id='word_1_150' title='bbox 750 2449 956 2511; x_wconf 82' lang='lat' dir='ltr'>turuleuntu.</span> <span class='ocrx_word' id='word_1_151' title='bbox 981 2451 1142 2516; x_wconf 77' lang='lat' dir='ltr'>Publiceni</span> <span class='ocrx_word' id='word_1_152' title='bbox 1155 2462 1237 2520; x_wconf 74' lang='lat' dir='ltr'>euin</span> 
     </span>
     <span class='ocr_line' id='line_1_22' title="bbox 209 2535 1196 2618; baseline 0.001 -21"><span class='ocrx_word' id='word_1_153' title='bbox 209 2559 302 2599; x_wconf 80' lang='lat' dir='ltr'>manu</span> <span class='ocrx_word' id='word_1_154' title='bbox 320 2539 413 2607; x_wconf 74' lang='lat' dir='ltr'>edunt</span> <span class='ocrx_word' id='word_1_155' title='bbox 430 2554 486 2601; x_wconf 83' lang='lat' dir='ltr'>ete.</span> <span class='ocrx_word' id='word_1_156' title='bbox 508 2554 544 2598; x_wconf 88' lang='lat' dir='ltr'>ut</span> <span class='ocrx_word' id='word_1_157' title='bbox 566 2539 695 2597; x_wconf 76' lang='lat' dir='ltr'>Martin-</span> <span class='ocrx_word' id='word_1_158' title='bbox 752 2539 872 2618; x_wconf 75' lang='lat' dir='ltr'>equitet</span> <span class='ocrx_word' id='word_1_159' title='bbox 891 2541 1023 2598; x_wconf 78' lang='lat' dir='ltr'>romani.</span> <span class='ocrx_word' id='word_1_160' title='bbox 1072 2535 1196 2602; x_wconf 84' lang='lat' dir='ltr'>Munut.</span> 
     </span>
     <span class='ocr_line' id='line_1_23' title="bbox 204 2618 1238 2708; baseline 0.005 -26"><span class='ocrx_word' id='word_1_161' title='bbox 204 2622 245 2683; x_wconf 75' lang='lat' dir='ltr'>-lir</span> <span class='ocrx_word' id='word_1_162' title='bbox 283 2621 379 2688; x_wconf 71' lang='lat' dir='ltr'>habet</span> <span class='ocrx_word' id='word_1_163' title='bbox 401 2624 454 2686; x_wconf 85' lang='lat' dir='ltr'>lv.</span> <span class='ocrx_word' id='word_1_164' title='bbox 481 2638 533 2700; x_wconf 76' lang='lat'>50.</span> <span class='ocrx_word' id='word_1_165' title='bbox 571 2623 693 2685; x_wconf 84' lang='lat' dir='ltr'>etalii.</span> <span class='ocrx_word' id='word_1_166' title='bbox 784 2618 931 2689; x_wconf 84' lang='lat' dir='ltr'>facienda</span> <span class='ocrx_word' id='word_1_167' title='bbox 960 2623 1075 2680; x_wconf 81' lang='lat' dir='ltr'>iactura</span> <span class='ocrx_word' id='word_1_168' title='bbox 1090 2623 1114 2708; x_wconf 72' lang='lat' dir='ltr'>]i</span> <span class='ocrx_word' id='word_1_169' title='bbox 1167 2627 1238 2689; x_wconf 83' lang='lat' dir='ltr'>Fuit</span> 
     </span>
     <span class='ocr_line' id='line_1_24' title="bbox 155 2701 1237 2788; baseline 0.009 -24"><span class='ocrx_word' id='word_1_170' title='bbox 155 2719 165 2744; x_wconf 78' lang='lat'><em>⁶</em></span> <span class='ocrx_word' id='word_1_171' title='bbox 211 2703 341 2785; x_wconf 81' lang='lat' dir='ltr'>Ernesti.</span> <span class='ocrx_word' id='word_1_172' title='bbox 749 2701 994 2766; x_wconf 74' lang='lat' dir='ltr'>satisfaciendum</span> <span class='ocrx_word' id='word_1_173' title='bbox 1010 2711 1237 2788; x_wconf 60' lang='lat' dir='ltr'>equitibutdo·</span> 
     </span>
    </p>

    <p class='ocr_par' dir='ltr' id='par_1_5' title="bbox 208 2792 1237 3106">
     <span class='ocr_line' id='line_1_25' title="bbox 253 2792 1236 2877; baseline 0.006 -26"><span class='ocrx_word' id='word_1_174' title='bbox 253 2792 358 2877; x_wconf 74' lang='lat' dir='ltr'>obesse]</span> <span class='ocrx_word' id='word_1_175' title='bbox 380 2793 487 2873; x_wconf 83' lang='lat' dir='ltr'>Reip.;</span> <span class='ocrx_word' id='word_1_176' title='bbox 509 2805 541 2851; x_wconf 87' lang='lat' dir='ltr'>et</span> <span class='ocrx_word' id='word_1_177' title='bbox 558 2792 696 2875; x_wconf 78' lang='lat' dir='ltr'>Pompe·</span> <span class='ocrx_word' id='word_1_178' title='bbox 751 2795 879 2851; x_wconf 78' lang='lat' dir='ltr'>cationis</span> <span class='ocrx_word' id='word_1_179' title='bbox 903 2792 1114 2853; x_wconf 85' lang='lat' dir='ltr'>inductionem</span> <span class='ocrx_word' id='word_1_180' title='bbox 1131 2792 1236 2876; x_wconf 83' lang='lat' dir='ltr'>postu·</span> 
     </span>
     <span class='ocr_line' id='line_1_26' title="bbox 209 2873 1237 2959; baseline 0.005 -22"><span class='ocrx_word' id='word_1_181' title='bbox 209 2881 273 2938; x_wconf 88' lang='lat' dir='ltr'>ium</span> <span class='ocrx_word' id='word_1_182' title='bbox 294 2883 442 2950; x_wconf 75' lang='lat' dir='ltr'>maxime,</span> <span class='ocrx_word' id='word_1_183' title='bbox 471 2898 508 2938; x_wconf 81' lang='lat' dir='ltr'>nc</span> <span class='ocrx_word' id='word_1_184' title='bbox 533 2875 693 2936; x_wconf 82' lang='lat' dir='ltr'>Cuesnrcnr</span> <span class='ocrx_word' id='word_1_185' title='bbox 749 2873 900 2950; x_wconf 75' lang='lat' dir='ltr'>lentibun;</span> <span class='ocrx_word' id='word_1_186' title='bbox 917 2882 1237 2959; x_wconf 75' lang='lat' dir='ltr'>quamquumidcutu</span> 
     </span>
     <span class='ocr_line' id='line_1_27' title="bbox 208 2960 1237 3046; baseline 0.005 -24"><span class='ocrx_word' id='word_1_187' title='bbox 208 2962 361 3046; x_wconf 76' lang='lat' dir='ltr'>intelligi,</span> <span class='ocrx_word' id='word_1_188' title='bbox 407 2961 603 3044; x_wconf 83' lang='lat' dir='ltr'>perspicuum</span> <span class='ocrx_word' id='word_1_189' title='bbox 640 2960 693 3023; x_wconf 82' lang='lat' dir='ltr'>eit.</span> <span class='ocrx_word' id='word_1_190' title='bbox 751 2965 862 3021; x_wconf 73' lang='lat' dir='ltr'>aerarii</span> <span class='ocrx_word' id='word_1_191' title='bbox 888 2966 1005 3023; x_wconf 75' lang='lat' dir='ltr'>iectura</span> <span class='ocrx_word' id='word_1_192' title='bbox 1026 2962 1124 3025; x_wconf 82' lang='lat' dir='ltr'>fieret.</span> <span class='ocrx_word' id='word_1_193' title='bbox 1164 2960 1237 3027; x_wconf 83' lang='lat' dir='ltr'>Mu·</span> 
     </span>
     <span class='ocr_line' id='line_1_28' title="bbox 209 3044 812 3106; baseline 0.003 -2"><span class='ocrx_word' id='word_1_194' title='bbox 209 3044 330 3105; x_wconf 75' lang='lat' dir='ltr'>Manui.</span> <span class='ocrx_word' id='word_1_195' title='bbox 678 3079 681 3087; x_wconf 90' lang='lat'>·</span> <span class='ocrx_word' id='word_1_196' title='bbox 751 3056 812 3106; x_wconf 83' lang='lat' dir='ltr'>nut.</span> 
     </span>
    </p>

    <p class='ocr_par' dir='ltr' id='par_1_6' title="bbox 179 3129 1238 3555">
     <span class='ocr_line' id='line_1_29' title="bbox 251 3129 1235 3220; baseline 0.005 -29"><span class='ocrx_word' id='word_1_197' title='bbox 251 3129 370 3213; x_wconf 85' lang='lat' dir='ltr'>verius]</span> <span class='ocrx_word' id='word_1_198' title='bbox 417 3133 561 3211; x_wconf 76' lang='lat' dir='ltr'>nequius:</span> <span class='ocrx_word' id='word_1_199' title='bbox 583 3144 618 3189; x_wconf 85' lang='lat' dir='ltr'>ut</span> <span class='ocrx_word' id='word_1_200' title='bbox 633 3148 693 3208; x_wconf 85' lang='lat' dir='ltr'>pro</span> <span class='ocrx_word' id='word_1_201' title='bbox 792 3131 945 3204; x_wconf 84' lang='lat' dir='ltr'>consulein</span> <span class='ocrx_word' id='word_1_202' title='bbox 960 3153 1076 3191; x_wconf 82' lang='lat' dir='ltr'>carcere</span> <span class='ocrx_word' id='word_1_203' title='bbox 1089 3136 1235 3220; x_wconf 82' lang='lat' dir='ltr'>concluso]</span> 
     </span>
     <span class='ocr_line' id='line_1_30' title="bbox 179 3212 1238 3301; baseline 0.006 -25"><span class='ocrx_word' id='word_1_204' title='bbox 179 3261 185 3276; x_wconf 85' lang='lat'>.</span> <span class='ocrx_word' id='word_1_205' title='bbox 209 3218 343 3277; x_wconf 72' lang='lat' dir='ltr'>Murena</span> <span class='ocrx_word' id='word_1_206' title='bbox 355 3222 445 3286; x_wconf 81' lang='lat' dir='ltr'>·c.⁷,5.</span> <span class='ocrx_word' id='word_1_207' title='bbox 475 3212 694 3293; x_wconf 78' lang='lat' dir='ltr'>Negntveruut</span> <span class='ocrx_word' id='word_1_208' title='bbox 750 3214 784 3275; x_wconf 88' lang='lat' dir='ltr'>L.</span> <span class='ocrx_word' id='word_1_209' title='bbox 806 3216 924 3279; x_wconf 78' lang='lat' dir='ltr'>Flavius</span> <span class='ocrx_word' id='word_1_210' title='bbox 947 3216 1086 3280; x_wconf 74' lang='lat' dir='ltr'>tribunat</span> <span class='ocrx_word' id='word_1_211' title='bbox 1107 3221 1153 3301; x_wconf 86' lang='lat' dir='ltr'>pl.</span> <span class='ocrx_word' id='word_1_212' title='bbox 1167 3223 1238 3285; x_wconf 78' lang='lat' dir='ltr'>Me·</span> 
     </span>
     <span class='ocr_line' id='line_1_31' title="bbox 208 3299 1236 3378; baseline 0.009 -18"><span class='ocrx_word' id='word_1_213' title='bbox 208 3303 358 3378; x_wconf 80' lang='lat' dir='ltr'>esscullici</span> <span class='ocrx_word' id='word_1_214' title='bbox 375 3304 605 3359; x_wconf 75' lang='lat' dir='ltr'>benevolentiam</span> <span class='ocrx_word' id='word_1_215' title='bbox 621 3303 693 3361; x_wconf 84' lang='lat' dir='ltr'>cibo.</span> <span class='ocrx_word' id='word_1_216' title='bbox 751 3300 857 3359; x_wconf 85' lang='lat' dir='ltr'>tellum</span> <span class='ocrx_word' id='word_1_217' title='bbox 879 3299 1033 3362; x_wconf 82' lang='lat' dir='ltr'>consulem</span> <span class='ocrx_word' id='word_1_218' title='bbox 1058 3307 1090 3364; x_wconf 89' lang='lat' dir='ltr'>in</span> <span class='ocrx_word' id='word_1_219' title='bbox 1112 3326 1236 3369; x_wconf 78' lang='lat' dir='ltr'>cercuro</span> 
     </span>
     <span class='ocr_line' id='line_1_32' title="bbox 208 3382 1238 3475; baseline 0.004 -28"><span class='ocrx_word' id='word_1_220' title='bbox 208 3386 286 3447; x_wconf 82' lang='lat' dir='ltr'>Item</span> <span class='ocrx_word' id='word_1_221' title='bbox 312 3386 439 3457; x_wconf 65' lang='lat' dir='ltr'>cietur,</span> <span class='ocrx_word' id='word_1_222' title='bbox 474 3387 574 3446; x_wconf 78' lang='lat' dir='ltr'>Livius</span> <span class='ocrx_word' id='word_1_223' title='bbox 584 3427 594 3457; x_wconf 88' lang='lat'><strong>,</strong></span> <span class='ocrx_word' id='word_1_224' title='bbox 624 3387 694 3445; x_wconf 84' lang='lat' dir='ltr'>Vir·</span> <span class='ocrx_word' id='word_1_225' title='bbox 750 3382 886 3455; x_wconf 83' lang='lat' dir='ltr'>inelufit,</span> <span class='ocrx_word' id='word_1_226' title='bbox 916 3389 988 3464; x_wconf 80' lang='lat' dir='ltr'>quin</span> <span class='ocrx_word' id='word_1_227' title='bbox 1015 3384 1118 3471; x_wconf 78' lang='lat' dir='ltr'>legem</span> <span class='ocrx_word' id='word_1_228' title='bbox 1150 3412 1238 3475; x_wconf 75' lang='lat' dir='ltr'>egre·</span> 
     </span>
     <span class='ocr_line' id='line_1_33' title="bbox 210 3466 1236 3555; baseline 0.009 -25"><span class='ocrx_word' id='word_1_229' title='bbox 210 3470 315 3555; x_wconf 71' lang='lat' dir='ltr'>gilius,</span> <span class='ocrx_word' id='word_1_230' title='bbox 340 3471 496 3531; x_wconf 73' lang='lat' dir='ltr'>Horatius.</span> <span class='ocrx_word' id='word_1_231' title='bbox 531 3466 677 3528; x_wconf 61' lang='lat' dir='ltr'>Manat·</span> <span class='ocrx_word' id='word_1_232' title='bbox 749 3473 826 3527; x_wconf 81' lang='lat' dir='ltr'>rium</span> <span class='ocrx_word' id='word_1_233' title='bbox 856 3471 988 3548; x_wconf 82' lang='lat' dir='ltr'>perferri</span> <span class='ocrx_word' id='word_1_234' title='bbox 1016 3491 1083 3533; x_wconf 89' lang='lat' dir='ltr'>nou</span> <span class='ocrx_word' id='word_1_235' title='bbox 1115 3471 1236 3542; x_wconf 80' lang='lat' dir='ltr'>finctet.</span> 
     </span>
    </p>

    <p class='ocr_par' dir='ltr' id='par_1_7' title="bbox 209 3551 1236 3723">
     <span class='ocr_line' id='line_1_34' title="bbox 253 3551 1236 3642; baseline 0.011 -30"><span class='ocrx_word' id='word_1_236' title='bbox 253 3554 576 3637; x_wconf 83' lang='lat' dir='ltr'>iniudiciumvenire]</span> <span class='ocrx_word' id='word_1_237' title='bbox 604 3573 695 3614; x_wconf 77' lang='lat' dir='ltr'>uccu·</span> <span class='ocrx_word' id='word_1_238' title='bbox 749 3551 825 3614; x_wconf 80' lang='lat' dir='ltr'>Aliis</span> <span class='ocrx_word' id='word_1_239' title='bbox 850 3569 955 3615; x_wconf 79' lang='lat' dir='ltr'>tumen</span> <span class='ocrx_word' id='word_1_240' title='bbox 982 3555 1111 3618; x_wconf 72' lang='lat' dir='ltr'>tribunis</span> <span class='ocrx_word' id='word_1_241' title='bbox 1140 3580 1236 3642; x_wconf 73' lang='lat' dir='ltr'>opem</span> 
     </span>
     <span class='ocr_line' id='line_1_35' title="bbox 209 3637 1236 3723; baseline 0.005 -21"><span class='ocrx_word' id='word_1_242' title='bbox 209 3637 502 3720; x_wconf 78' lang='lat' dir='ltr'>surinpndiudices.</span> <span class='ocrx_word' id='word_1_243' title='bbox 531 3637 651 3699; x_wconf 81' lang='lat' dir='ltr'>Manut.</span> <span class='ocrx_word' id='word_1_244' title='bbox 701 3706 706 3717; x_wconf 30' lang='grc' dir='ltr'><strong><em>ι</em></strong></span> <span class='ocrx_word' id='word_1_245' title='bbox 749 3638 936 3710; x_wconf 78' lang='lat' dir='ltr'>serentibus,</span> <span class='ocrx_word' id='word_1_246' title='bbox 965 3655 996 3700; x_wconf 89' lang='lat' dir='ltr'>et</span> <span class='ocrx_word' id='word_1_247' title='bbox 1010 3641 1166 3723; x_wconf 78' lang='lat' dir='ltr'>Pompeio</span> <span class='ocrx_word' id='word_1_248' title='bbox 1180 3646 1236 3707; x_wconf 80' lang='lat' dir='ltr'>sui-</span> 
     </span>
    </p>

    <p class='ocr_par' dir='ltr' id='par_1_8' title="bbox 207 3721 1235 4137">
     <span class='ocr_line' id='line_1_36' title="bbox 251 3721 1235 3806; baseline 0.008 -24"><span class='ocrx_word' id='word_1_249' title='bbox 251 3728 365 3806; x_wconf 76' lang='lat' dir='ltr'>equites</span> <span class='ocrx_word' id='word_1_250' title='bbox 384 3731 484 3784; x_wconf 80' lang='lat' dir='ltr'>curiae</span> <span class='ocrx_word' id='word_1_251' title='bbox 495 3721 623 3805; x_wconf 80' lang='lat' dir='ltr'>bellum]</span> <span class='ocrx_word' id='word_1_252' title='bbox 645 3721 694 3782; x_wconf 87' lang='lat' dir='ltr'>ln·</span> <span class='ocrx_word' id='word_1_253' title='bbox 749 3722 910 3804; x_wconf 74' lang='lat' dir='ltr'>lingente,</span> <span class='ocrx_word' id='word_1_254' title='bbox 933 3723 1055 3805; x_wconf 81' lang='lat' dir='ltr'>aliquot</span> <span class='ocrx_word' id='word_1_255' title='bbox 1066 3726 1139 3806; x_wconf 85' lang='lat' dir='ltr'>post</span> <span class='ocrx_word' id='word_1_256' title='bbox 1151 3727 1235 3790; x_wconf 76' lang='lat' dir='ltr'>horis</span> 
     </span>
     <span class='ocr_line' id='line_1_37' title="bbox 208 3808 1235 3882; baseline 0.007 -12"><span class='ocrx_word' id='word_1_257' title='bbox 208 3808 368 3878; x_wconf 74' lang='lat' dir='ltr'>dixerunt,</span> <span class='ocrx_word' id='word_1_258' title='bbox 399 3810 545 3882; x_wconf 73' lang='lat' dir='ltr'>subaudi,</span> <span class='ocrx_word' id='word_1_259' title='bbox 581 3824 612 3866; x_wconf 84' lang='lat' dir='ltr'>et</span> <span class='ocrx_word' id='word_1_260' title='bbox 632 3808 694 3866; x_wconf 87' lang='lat' dir='ltr'>Cu·</span> <span class='ocrx_word' id='word_1_261' title='bbox 722 3834 725 3841; x_wconf 66' lang='lat'><strong><em>¹</em></strong></span> <span class='ocrx_word' id='word_1_262' title='bbox 751 3810 850 3866; x_wconf 79' lang='lat' dir='ltr'>exivit.</span> <span class='ocrx_word' id='word_1_263' title='bbox 893 3809 956 3867; x_wconf 90' lang='lat' dir='ltr'>Dio</span> <span class='ocrx_word' id='word_1_264' title='bbox 989 3809 1043 3871; x_wconf 88' lang='lat' dir='ltr'>lib.</span> <span class='ocrx_word' id='word_1_265' title='bbox 1072 3814 1235 3876; x_wconf 77' lang='lat' dir='ltr'>xxxvii</span> 
     </span>
     <span class='ocr_line' id='line_1_38' title="bbox 207 3889 1016 3976; baseline -0.004 -23"><span class='ocrx_word' id='word_1_266' title='bbox 207 3899 283 3954; x_wconf 77' lang='lat' dir='ltr'>rium</span> <span class='ocrx_word' id='word_1_267' title='bbox 306 3901 412 3975; x_wconf 79' lang='lat' dir='ltr'>accipe</span> <span class='ocrx_word' id='word_1_268' title='bbox 434 3916 494 3976; x_wconf 91' lang='lat' dir='ltr'>pro</span> <span class='ocrx_word' id='word_1_269' title='bbox 515 3893 635 3964; x_wconf 80' lang='lat' dir='ltr'>senetu3</span> <span class='ocrx_word' id='word_1_270' title='bbox 659 3905 694 3950; x_wconf 92' lang='lat' dir='ltr'>ut</span> <span class='ocrx_word' id='word_1_271' title='bbox 750 3911 776 3953; x_wconf 87' lang='lat' dir='ltr'>c.</span> <span class='ocrx_word' id='word_1_272' title='bbox 798 3905 853 3964; x_wconf 80' lang='lat'>50.</span> <span class='ocrx_word' id='word_1_273' title='bbox 895 3889 1016 3957; x_wconf 84' lang='lat' dir='ltr'>Manut.</span> 
     </span>
     <span class='ocr_line' id='line_1_39' title="bbox 207 3976 693 4061; baseline -0.002 -25"><span class='ocrx_word' id='word_1_274' title='bbox 207 3976 242 4037; x_wconf 83' lang='lat' dir='ltr'>su</span> <span class='ocrx_word' id='word_1_275' title='bbox 264 3987 425 4040; x_wconf 78' lang='lat' dir='ltr'>continens</span> <span class='ocrx_word' id='word_1_276' title='bbox 446 4000 506 4060; x_wconf 84' lang='lat' dir='ltr'>pro</span> <span class='ocrx_word' id='word_1_277' title='bbox 532 3990 693 4061; x_wconf 80' lang='lat' dir='ltr'>contento.</span> 
     </span>
     <span class='ocr_line' id='line_1_40' title="bbox 207 4060 329 4137; baseline 0.057 -18"><span class='ocrx_word' id='word_1_278' title='bbox 207 4060 329 4137; x_wconf 59' lang='lat' dir='ltr'>Manui.</span> 
     </span>
    </p>
   </div>
   <div class='ocr_carea' id='block_1_4' title="bbox 0 0 1295 4792">
    <p class='ocr_par' dir='ltr' id='par_1_9' title="bbox 0 0 1295 4792">
     <span class='ocr_line' id='line_1_41' title="bbox 0 0 1295 4792; baseline 0 0"><span class='ocrx_word' id='word_1_279' title='bbox 0 0 1295 4792; x_wconf 95' lang='lat' dir='ltr'> </span> 
     </span>
    </p>
   </div>
  </div>
 </body>
</html>
