2506 4808
328 323 613 394 EPISTOLA
670 329 827 401 cxiv.'
857 386 861 392 -
1028 356 1095 423 uzu

61 515 194 602 semper
213 511 298 600 ipse,
319 524 393 578 tuin
413 517 586 600 inprimis
607 520 794 582 imitatione
811 525 861 585 tui
874 520 927 587 sac
942 526 1091 596 erudias.

61 617 163 682 Nulla
180 621 270 694 enim
287 621 350 680 erit
364 613 426 678 hac
440 615 661 701 praestantior
674 618 862 706 disciplina:
884 644 984 707 quern
1003 648 1091 706 iios,

62 734 98 784 et
121 724 198 802 quia
219 730 318 790 tuus,
343 728 377 779 et
391 722 467 799 quia
488 730 522 781 te
546 718 670 806 dignus
687 719 734 784 est
754 717 860 796 filius,
882 739 916 790 et
931 735 1007 811 quia
1024 751 1088 798 noe

24 822 32 829 “
61 819 194 908 diligit,
216 816 413 903 semperque
428 817 564 892 dilexit,
582 818 753 908 inprimis
768 843 938 902 amamus,
959 851 1088 897 carum·

60 941 127 1005 que
144 918 321 983 habemus.

68 1053 373 1187 erisrorl
418 1111 559 1185 cxiv.
607 1108 686 1200 (ad
711 1112 817 1191 niv.
847 1122 970 1198 xiii.
1003 1127 1064 1216 o.)

169 1277 233 1341 Ser.
248 1274 373 1337 Romae
386 1276 423 1340 A.
433 1273 472 1336 U.
487 1277 522 1338 C.
535 1277 605 1358 697.
619 1280 771 1339 incermni
789 1301 854 1364 quo
868 1283 984 1348 iriense.

60 1426 311 1507 Cuspiiiami‘cum
328 1423 362 1489 L.
382 1421 491 1487 lulium
507 1432 544 1487 ab
562 1431 615 1489 illo
632 1441 756 1517 rogatus
771 1427 892 1495 Valerio
908 1433 1026 1519 Preces.
1041 1444 1089 1506 di-

101 1532 292 1611 li'genti'ffi'me
308 1531 503 1589 commendat.

55 1712 165 1784 mr.
181 1711 385 1780 cicino
404 1710 448 1801 Q.
469 1708 733 1786 venerio,
756 1710 799 1802 Q.
823 1711 860 1779 F.
882 1694 1090 1797 eneae,

316 1810 587 1882 seroces.
623 1810 721 1880 ee.
746 1813 792 1878 o.
1067 1824 1070 1830 ·

164 1963 335 2037 sinales,
370 1965 459 2029 bene
481 1964 544 2030 est:
580 1964 685 2031 valeo.
731 1963 845 2032 Credo
866 1979 901 2032 te
924 1977 1088 2039 memoria

56 2084 194 2142 tenere,
217 2086 271 2130 me
296 2078 330 2128 et
354 2087 468 2130 corani
490 2063 526 2131 Ρ.
546 2064 671 2152 Cuspio
693 2078 807 2130 tecum
828 2067 981 2134 locutum
1003 2073 1088 2148 esse,

55 2194 162 2258 quum
179 2183 212 2234 te
232 2166 455 2251 prosequerer
474 2165 685 2254 paludatum,
708 2179 741 2230 et
760 2172 844 2232 item
856 2171 970 2257 postea
985 2159 1090 2261 pluri·

54 2278 121 2340 bus
139 2275 250 2338 verbis
267 2281 380 2332 tecum
398 2265 511 2353 egisse,
534 2281 590 2341 ut,
615 2289 849 2355 quoscumque
864 2273 925 2336 tibi
943 2279 1014 2340 eius
1030 2296 1087 2340 ne·

57 2371 215 2439 cellarios
233 2371 529 2443 commendarem,
549 2367 691 2434 haberes
708 2390 765 2434 eos
785 2375 822 2434 in
837 2392 980 2437 numero
998 2397 1088 2440 ineo-

54 2496 133 2542 rum
150 2470 419 2538 necessariorum.
461 2471 500 2533 ld
516 2480 553 2534 tii
567 2488 630 2558 pro
650 2481 707 2535 tua
727 2470 852 2536 summa
867 2495 946 2561 erga
962 2495 1015 2539 me
1031 2478 1087 2541 be·

55 2575 258 2646 nivolentia,
279 2585 508 2660 perpetuaque
523 2571 731 2636 observantia
746 2571 829 2637 milii
845 2573 1083 2654 liberalissime,

57 2691 158 2761 atque
174 2671 404 2739 humanissime
419 2672 581 2759 recepisti.
617 2672 778 2763 Cuspius,
797 2673 899 2740 hoino
913 2681 949 2741 in
964 2698 1084 2743 omnes

56 2773 133 2844 suos
150 2770 421 2851 officiosissimus,
443 2775 582 2840 mirifice
598 2776 764 2861 quosdam
781 2774 936 2843 homines
962 2802 1004 2843 ex
1025 2776 1086 2847 ista

54 2868 232 2970 provincia
252 2890 385 2952 tuetur,
419 2887 454 2940 et
476 2871 603 2962 diligit,
634 2887 816 2965 propterea
838 2879 929 2962 quod
953 2880 1019 2945 fuit
1048 2887 1085 2946 in

53 2979 173 3046 Africa
189 2979 254 3050 bis,
280 3000 383 3061 quum
397 2982 552 3042 maximis
567 2974 733 3044 societatis
749 2986 897 3068 negotiis
911 2981 1084 3068 praeesset.

53 3087 172 3166 Itaque
186 3077 251 3142 hoc
269 3084 341 3143 eius
355 3077 524 3154 officium,
546 3079 637 3163 quod
652 3078 791 3144 adhibet
806 3101 886 3169 erga
902 3080 999 3156 illos,
1020 3104 1085 3171 ego

53 3205 131 3248 mea
153 3178 331 3251 facultate,
353 3190 387 3242 et
408 3184 516 3267 gratia
540 3179 650 3254 soleo,
672 3193 834 3264 quantum
862 3181 1008 3270 possum,
1031 3183 1089 3247 ad·

52 3291 180 3350 iuvare.
237 3279 349 3370 Quare
375 3280 617 3370 Cuspianorum
650 3285 801 3344 omniurn
825 3282 1103 3347 commendatio·

53 3389 109 3450 nis
128 3381 256 3447 causam
269 3380 331 3444 hac
348 3385 410 3448 tibi
430 3380 566 3472 epistola
587 3380 822 3469 exponendam
836 3389 964 3472 putavi.
995 3381 1086 3453 lleli·

433 3554 703 3571 m

94 3658 187 3742 Episl.
204 3660 314 3722 CXIV.
344 3656 541 3743 paludarum]
633 3651 810 3741 societatis]
848 3658 1086 3740 publicanorum

52 3746 196 3809 Peluduii
209 3747 295 3806 ibant
309 3750 341 3805 in
357 3751 552 3826 provinciae·
599 3750 653 3825 qui
668 3748 788 3813 Africae
805 3748 962 3828 vectigalia
985 3753 1088 3828 exige·

53 3836 93 3894 Et
125 3832 285 3891 Valerium
322 3832 438 3892 Orconi
481 3828 544 3893 line
598 3829 683 3891 boni.
726 3831 940 3890 Erantaureni
955 3828 1100 3911 lingula·¹

51 3915 121 3999 ipso
139 3918 367 3976 annoAsricom
389 3936 450 3998 pio
466 3934 542 3976 eon·
599 3935 669 3975 rum
698 3919 927 3998 provinciarum
959 3913 1102 3977 secieto».

51 4003 117 4065 sule
145 3997 252 4062 rexisse
279 4002 387 4060 docuit
417 4000 542 4083 Pighius
599 4013 664 4070 ως
684 4013 716 4061 et
732 3997 892 4080 Biiliyuica
906 4004 1089 4068 nominauit

51 4093 85 4150 in
95 4086 255 4149 annalibus
263 4084 419 4148 Tomlll.
427 4106 460 4166 p.
469 4093 543 4164 384.
592 4083 650 4159 ed.
661 4083 750 4147 rim
764 4084 850 4149 ΜΠ.
868 4103 916 4173 9.Ι
943 4080 1066 4147 Manu.

91 4200 404 4268 mmmm
950 4178 989 4252 H
