2506 4808
116 308 177 396 19⁶
208 371 212 378 ,
368 298 654 371 xms‘roux
711 299 883 373 xxxv.

114 493 245 562 visurus
264 488 318 555 ἦε.
360 489 401 555 In
413 489 628 556 Formianum
647 487 805 556 volumus
828 495 946 561 venire
959 489 1026 559 Par:

113 596 211 670 inde,
247 597 426 677 (quoniam
457 604 556 680 putas
580 591 922 678 praetermittendum
950 595 1026 657 nobi

112 697 179 763 hoc
203 707 358 782 tempore
380 693 523 759 Cratera
543 690 639 757 illum
662 692 868 776 delicatum)
899 693 967 760 kal.
992 694 1026 761 M

114 797 293 863 Formiano
314 790 584 881 proficiscemur,
603 804 642 857 nt
657 791 755 859 Antii
778 791 879 861 simus
901 817 930 859 a.
955 796 987 860 d.
1010 819 1026 861 v

113 899 196 967 Mai.
223 895 295 961 ludi
318 903 408 960 enim
428 896 533 961 Antii·
555 896 661 960 futuri
679 893 755 958 sunt
777 913 855 960 axv
883 895 926 960 ad
950 895 1026 983 prid

93 1073 95 1077 ,
113 1001 197 1069 Mai.
215 1019 275 1064 eos
294 995 409 1062 Tullia
426 997 577 1085 spectare
592 996 674 1063 vult.
697 996 782 1061 Inde
800 1000 918 1082 cogito
941 993 1026 1061 inT⁴

115 1125 217 1174 num,
238 1098 361 1163 deinde
376 1096 565 1185 Arpinum,
588 1096 731 1163 Romam
749 1096 792 1160 ad
807 1093 875 1160 kal.
891 1097 965 1162 Iun.
1011 1095 1026 1163 ’Δ

112 1209 151 1269 in
166 1202 364 1271 Formiano,
389 1211 446 1263 aut
459 1195 579 1272 Antii,
609 1210 665 1262 aut
685 1203 720 1263 in
737 1193 950 1275 Tusculano,
979 1221 1026 1263 ou

113 1304 301 1372 videamus.
345 1296 529 1384 Epistolam
557 1299 765 1390 superiorem
792 1297 930 1367 restitue
955 1304 1025 1367 nob

114 1410 259 1494 appinge
281 1397 406 1483 aliquid
423 1405 513 1466 novi.
957 1407 961 1413 '

208 1562 522 1669 4ΕΡΙεΤοιΑ
559 1596 714 1667 xxxv.
762 1595 931 1683 <Ani-1„
959 1594 1020 1692 9.)

183 1804 188 1812 -
286 1760 351 1823 Ser.
366 1762 522 1824 inAntioti
529 1759 614 1823 A.1J.
628 1760 663 1820 C·
678 1758 978 1842 6940monseAprili.

115 1907 223 1974 Scribit
237 1912 272 1990 se
297 1914 327 1972 in
345 1916 430 1979 coelo,
446 1902 601 1986 futurumss
616 1913 647 1988 si
666 1906 787 1971 Clodius
801 1935 874 1992 quae
893 1909 1026 1976 Ciceroni

156 2038 222 2076 cum
244 2011 386 2092 Pompeio
413 2017 566 2093 pepigerit
590 2035 648 2072 non
665 2014 776 2089 servet.
802 2035 830 2076 ι.
873 2027 1026 2097 ceterum⁸

153 2120 271 2188 vereri,
296 2138 334 2176 ne
358 2112 481 2174 Clodius
500 2117 559 2192 fibi
580 2117 730 2174 nociturus
749 2117 803 2192 sit.
833 2139 863 2180 2.
908 2123 1026 2181 invidia:

156 2220 198 2275 od
220 2219 305 2292 illos,
327 2218 377 2295 qui
399 2219 536 2294 iniustam
556 2217 616 2292 fibi
631 2221 796 2291 potentiam
816 2233 980 2301 arrogent,
1004 2235 1026 2282 o

156 2338 232 2379 ram.
256 2331 287 2393 3.
330 2320 458 2401 denique
473 2319 581 2377 itinera
593 2319 651 2397 sua
668 2332 761 2382 notat.
782 2336 813 2401 4.

330 2497 534 2568 CICERO
584 2498 834 2580 ATTICO,
889 2505 928 2574 S.

197 2650 237 2747 S.
252 2651 295 2718 V.
312 2650 351 2716 B.
367 2653 407 2717 E.
444 2650 560 2741 Quum
586 2651 669 2717 mihi
690 2654 826 2719 dixisset
850 2657 1017 2727 Caecilius

153 2890 323 2977 Parilibus]
345 2891 401 2954 XI.
424 2891 473 2951 vel
494 2907 531 2952 ut
547 2891 598 2951 alii
654 2910 686 2953 et
719 2896 957 2971 delicatissimum
986 2903 1026 2959 lit.

111 2978 222 3040 volunt
234 2978 304 3039 XII.
317 2976 388 3039 Kal.
403 2977 490 3038 Maii.
524 2973 596 3034 Cor·
653 2977 791 3039 nostrum
811 2983 901 3042 Verr.
917 2987 955 3044 V.
971 2995 1023 3063 40.

112 3068 178 3122 rad.
653 3083 705 3124 cus
719 3081 822 3124 autem
839 3070 985 3131 Ciceroni
1003 3095 1024 3152 p

156 3142 305 3227 Cratera]
329 3141 460 3204 Errabat
483 3144 597 3204 Corra·
652 3151 819 3209 mittendos
846 3152 938 3214 Baias
964 3165 1026 3216 cens

111 3232 188 3313 dus,
223 3228 284 3292 hoc
311 3229 352 3288 do
375 3228 493 3308 poculo
519 3234 596 3290 acci·
652 3252 693 3292 ne
707 3233 873 3314 voluptatis
897 3238 1023 3322 causnp

110 3322 217 3397 pianr,
252 3334 364 3374 verum
381 3312 597 3376 intellexerunt
652 3321 720 3377 nari
747 3320 912 3381 videretur.

109 3399 276 3462 Lambinus
300 3395 421 3477 etpost
441 3418 513 3458 eum
534 3399 595 3459 olii.
698 3407 737 3459 ad
758 3401 816 3463 kal.
838 3400 927 3488 Iun]
950 3408 995 3467 Ut
1011 3412 1026 3468 s]

109 3485 304 3570 significatur
319 3488 402 3544 enim
421 3479 500 3543 finus
516 3487 597 3544 inter
652 3502 686 3546 tu
700 3485 802 3548 adesse
817 3487 940 3569 poffim,
965 3488 1020 3574 qui

109 3569 263 3632 Misenum
288 3583 319 3628 ot
339 3569 500 3628 Minervae
521 3589 595 3648 pro·
652 3571 699 3631 dis
722 3571 830 3634 haberi
850 3573 979 3639 solebat.
1020 3617 1026 3635 Α

108 3659 303 3716 montorium
336 3651 355 3713 s
389 3651 595 3726 Athenaeum
654 3683 658 3689 ⁴
693 3655 786 3737 Epist.
807 3657 939 3726 XXXV.
987 3683 1014 3723 1.

109 3744 278 3822 quoetium
288 3735 596 3818 Baiaecomprehen·
650 3741 709 3797 'lius
725 3742 880 3826 quaestor]
901 3749 954 3825 qui
973 3744 1025 3819 fit,

108 3827 273 3888 debemur.
316 3850 320 3855 ·
649 3826 738 3890 dixit.
780 3830 815 3887 ln
832 3834 880 3888 ed.
897 3829 1026 3894 Rome

150 3904 330 3989 delicatum]
373 3908 516 3964 delicatus
553 3903 596 3966 ost
649 3912 710 3966 lius
727 3926 762 3970 ut
782 3914 860 3974 infra
881 3915 932 3971 lex
954 3911 1026 3975 Cael

108 3995 219 4076 plenus
234 3993 366 4064 deliciis,
387 4008 422 4050 ut
438 3988 596 4071 npfflhne-
648 3990 796 4059 Caecilia.
820 4030 859 4049 -
886 3994 1017 4080 Ernesti.

107 4081 198 4141 drum
220 4080 342 4137 delicati
364 4078 444 4134 horti
471 4075 525 4137 lib.
540 4077 594 4138 IV·
650 4112 677 4125 ι-
