2506 4808
307 312 593 381 EPISTOLA
639 314 835 383 CXXVI.
1032 330 1093 395 153

58 503 131 568 dies
142 508 306 567 matutina
319 501 697 589 temporalectiunculis
711 502 970 593 consumpseris:
989 525 1092 588 quum

31 604 105 668 «ilii
128 610 277 676 interea,
301 612 357 688 qui
380 619 415 669 te
436 605 508 670 istic
530 604 753 687 reliquerant,
786 603 976 693 spectarent
1001 629 1094 670 com-

57 727 179 770 munes
206 712 327 771 mimos
354 706 551 774 semisomni.
596 705 754 790 Reliquas
775 727 857 773 vero
881 720 996 794 partes
1022 707 1091 775 diet

58 819 97 870 tu
123 805 340 872 consumebas
367 806 419 872 his
445 807 746 880 delectationibus,
769 829 851 894 quas
875 810 937 876 tibi
958 808 1026 896 ipse
1049 809 1092 874 ad

58 909 236 973 arbitrium
266 923 362 974 tuum
391 922 621 995 compararas3
661 909 761 972 nobis
793 920 905 973 autem
932 923 1029 974 erant
1053 930 1093 973 ea

58 1011 298 1096 perpetienda,
341 1031 425 1094 quae
458 1006 583 1072 scilieet
607 1004 667 1096 Sp.
695 1009 848 1075 Maecius
875 1009 1093 1098 probavisset.-

60 1108 234 1183 Omnino,
266 1109 462 1196 squamma,
491 1109 564 1174 ludi
584 1109 834 1197 apparatissimi:
871 1111 926 1176 sed
949 1133 1018 1174 non
1041 1115 1094 1175 tui

59 1209 234 1275 stomachi.
279 1213 522 1299 Coniectupam
554 1216 644 1274 enim
675 1211 764 1276 facio
796 1213 840 1276 de
872 1234 959 1277 meo.
1004 1211 1093 1279 Nam

58 1316 209 1398 primum
234 1310 375 1379 honoris
404 1313 499 1379 causa
523 1319 560 1381 in
583 1312 716 1377 scenam
738 1313 909 1379 redierant
929 1319 972 1388 ii,
1007 1331 1094 1397 quos

60 1654 129 1689 nam
149 1630 311 1707 perforasti
337 1641 367 1689 et
386 1628 553 1706 patefecisti
605 1628 751 1692 iudicavit
764 1629 899 1711 Ernesti3
923 1635 996 1714 qnia
1017 1631 1097 1697 haee
1137 1666 1141 1671 ’

52 1720 173 1793 scenam
182 1739 195 1786 ;
218 1722 250 1777 in
274 1737 340 1797 quo
360 1723 465 1776 temen
486 1712 552 1773 Sta·
605 1717 714 1799 scripta
730 1715 796 1775 sant
810 1717 881 1796 post
898 1719 1000 1782 ludos.
1019 1720 1098 1781 vals

59 1805 145 1860 biano
174 1823 239 1862 non
269 1802 349 1862 bene
378 1807 552 1882 opponitur
607 1823 648 1886 go
680 1805 873 1880 reliquerant.
918 1805 969 1862 Sic
1005 1801 1098 1883 supra

52 1891 163 1964 sceaa;
188 1908 285 1967 quare
305 1884 328 1946 fi
348 1892 396 1946 cui
413 1886 491 1946 haee
508 1886 553 1944 se·
607 1891 726 1947 relictas
742 1888 811 1961 esses
826 1907 891 1946 non
907 1891 1027 1945 relictas
1041 1891 1097 1964 sis.

61 1978 124 2033 ctio
148 1972 286 2051 placeat,
317 1976 346 2030 ei
369 1977 473 2052 potius
499 1992 551 2029 au·
643 1971 834 2055 semisomni]
858 1971 906 2030 vel
928 1977 999 2052 quia
1020 1973 1098 2034 nihil

62 2072 134 2116 ctor
152 2053 223 2125 tim,
244 2073 279 2117 ut
298 2056 398 2140 leget:
434 2079 472 2114 ea
497 2078 552 2135 quo
608 2076 724 2118 novum
736 2055 919 2136 spectarent,
933 2057 1098 2131 vesanum

61 2145 117 2203 tibi
139 2141 307 2199 Stabianum
333 2141 496 2218 perforasti
524 2148 554 2197 et
609 2145 681 2222 qnia
692 2147 841 2201 matutino
851 2158 1100 2221 temperemur

61 2226 229 2303 patefecisti
239 2229 368 2302 scenam,
389 2231 470 2287 Nem
486 2229 553 2286 Sta·
608 2225 736 2287 verbum
762 2231 875 2285 interea
895 2228 936 2287 ad
951 2232 1099 2289 maturina

61 2313 135 2372 biae
152 2313 262 2390 (quod
280 2313 434 2393 oppidum
452 2313 551 2372 Plinio
608 2312 717 2373 referri
733 2321 867 2384 tempora
882 2309 949 2372 satie
965 2311 1099 2390 constetg

62 2396 140 2457 teste
166 2397 218 2456 lib.
238 2397 290 2458 tlt
322 2419 347 2457 c.
363 2413 392 2472 5.
414 2403 446 2457 in
469 2397 553 2459 bello
609 2411 645 2459 ut
665 2416 718 2456 eoo
742 2398 824 2455 dicat
844 2403 994 2460 matutina
1021 2413 1100 2459 tem·

61 2482 168 2543 sociali
209 2482 345 2541 deletum
387 2498 470 2554 erat,
518 2504 554 2543 ac
609 2503 688 2561 pora
702 2480 872 2560 spectandis
884 2482 1099 2543 communibus

63 2568 179 2628 deinde
191 2573 223 2626 in
237 2567 321 2628 villas
335 2566 553 2647 abierat)me·
608 2570 708 2626 mimir
737 2563 969 2649 consumpsisse,
1017 2586 1101 2649 quae

61 2653 174 2712 ridiem
194 2651 294 2714 versut
318 2668 406 2713 erant
420 2654 554 2732 Pompe·
609 2654 728 2712 Marios
752 2651 854 2712 multo
880 2668 911 2711 et
935 2651 1100 2733 sapientiae

34 2742 100 2813 ‘iit
116 2734 291 2819 oppositae.
332 2739 402 2798 Nec
425 2736 553 2796 dubium
610 2753 642 2797 et
659 2739 821 2796 iucundius
844 2736 980 2820 legendo
995 2737 1102 2801 trado·

64 2820 125 2894 esi,
169 2814 301 2903 qoin'ex
326 2823 468 2882 cubiculo
497 2820 554 2882 isio
612 2821 710 2883 rebat.
733 2820 736 2825 '
760 2817 882 2879 Manat.

64 2909 248 2985 Pompeiani
266 2906 308 2967 sni
322 2912 353 2967 in
368 2928 474 2991 agrum
485 2909 556 2968 Ste-
654 2927 727 2984 qnae
742 2908 857 2982 saisiret
875 2901 923 2981 Sp.
940 2901 1101 2990 Maecius]

63 2993 193 3053 bionum
222 2989 464 3070 pulcherrimum
497 3013 556 3072 po·
613 2994 667 3070 Sp.
679 2993 818 3052 Maecius
833 2995 958 3072 Tarpa,
982 2990 1103 3051 severat

64 3081 159 3136 tuerit
196 3079 315 3137 sisariae
356 3075 557 3156 prospectum
613 3093 795 3156 poematum
811 3078 903 3136 iudex
920 3078 1029 3137 Horat.
1044 3077 1102 3156 Ep.

64 3158 191 3225 babere.
234 3164 265 3221 Si
281 3167 404 3221 veroin
421 3158 557 3220 Seianum
615 3163 654 3221 ad
671 3160 795 3222 Pisones
812 3165 852 3222 V.
869 3163 939 3234 386.
958 3179 989 3225 et
1004 3164 1122 3227 Serui.¹

65 3247 356 3306 locinornenasiud
378 3246 489 3318 lateat,
511 3253 557 3307 rri-
614 3248 638 3308 l.
654 3249 715 3303 Sat.
735 3267 782 3306 to.
802 3269 829 3306 v.
844 3258 894 3320 38.
1095 3268 1098 3273 ·
1146 3288 1150 3298 .

65 3331 109 3390 hii
124 3336 225 3411 aptius
240 3332 342 3401 video,
366 3352 458 3411 qnam
470 3333 559 3412 quod
657 3333 721 3388 sadi
749 3328 989 3411 apparatifflmi]
1020 3331 1105 3387 iudos

65 3416 219 3477 Lambino
241 3416 377 3494 placuit,
404 3417 559 3493 Misenum.
614 3418 680 3493 poss
700 3419 848 3475 hominum
864 3417 1038 3474 memoriam
1054 3428 1105 3490 op·a

65 3503 111 3562 Ex
132 3503 351 3561 eodemenim
375 3503 560 3582 Pompeiani
613 3503 815 3578 paratissimos
858 3498 1106 3579 magnificentissi-

66 3586 212 3646 cubiculo
222 3589 339 3646 Mariua
354 3603 479 3666 poterat
492 3608 560 3646 ver·
614 3589 745 3660 mosque,
770 3602 863 3649 vocat
876 3600 955 3648 orat.
965 3590 997 3645 in
1006 3583 1106 3648 Pisoni.

64 3671 113 3731 sur
135 3673 295 3731 meridiem
319 3671 498 3731 Stabianum
529 3692 560 3731 a·
617 3694 643 3733 c.
663 3676 736 3748 aps
1098 3690 1102 3697 “

67 3777 176 3838 grum,
200 3772 230 3815 et
246 3755 348 3815 versus
365 3759 560 3818 occidentem
657 3758 776 3813 honoris
791 3756 874 3830 caasa
890 3756 919 3811 in
928 3755 1048 3830 scenam
1063 3774 1108 3812 re·

66 3840 560 3923 Misennmpromontoriompro·
618 3840 760 3925 dierunt]
790 3857 824 3900 ut
847 3840 939 3899 ludos
966 3840 1110 3921 Pompeii

66 3925 194 4007 spicere.
393 3936 397 3943 '
612 3927 821 3996 ¹honorarent,
843 3929 928 3985 mimi
942 3939 1060 3983 vererer
1073 3924 1111 3984 -iir

111 4013 159 4087 qai
173 4023 202 4067 te
217 4012 281 4086 istie
295 4010 498 4095 reliquerant]
514 4011 562 4072 sta
618 4010 738 4074 scenam
752 4012 925 4082 redierant,
950 4015 1004 4090 qui
1020 4022 1112 4071 antee

67 4093 265 4157 scribendum
282 4113 427 4158 reete-nt
447 4102 564 4178 opinor
619 4096 755 4181 nequid
776 4099 886 4157 aetatis
905 4100 979 4156 virio
1001 4114 1112 4177 petet·
