2506 4808
158 317 220 369 m
422 286 713 367 EPISTULA
765 290 921 361 CXIII.

157 485 300 555 bantur,
319 500 384 567 per
408 477 557 545 sertatum
580 477 750 546 consecuti
770 476 857 545 sunt.
899 476 994 545 Nam
1019 495 1064 547 et
1093 479 1206 573 stipen

156 583 252 649 dium
273 579 402 647 Caesari
425 578 687 653 decretumst,
716 594 752 645 et
772 579 894 647 decem
917 579 1055 670 legati:
1090 597 1144 660 et,
1167 606 1205 651 uc

156 680 232 771 lege
256 679 457 768 Sempronia
490 679 743 753 succederetur,
786 682 885 748 facile
909 684 1124 770 perfectum
1153 684 1203 755 est.

155 782 261 876 ,Quod
282 804 346 870 ego
367 782 408 845 ad
427 794 461 846 te
484 784 617 849 brevius
637 781 762 859 scribo,
786 775 863 867 quia
881 805 937 847 me
958 781 1074 851 status
1091 784 1149 853 hic
1158 793 1204 867 rei

156 884 316 975 publicae
332 905 401 946 non
420 878 583 949 delectat:
607 879 714 949 scribo
727 896 855 961 tamen,
873 897 912 950 ut
928 882 966 949 te
982 886 1202 969 admoneam,
1252 935 1253 986 p

154 983 251 1071 quod
267 982 353 1072 ipse,
374 981 481 1048 literis
496 992 632 1074 optimis
647 1008 666 1051 a
683 990 828 1073 pueritia
845 985 997 1061 deditur,
1023 995 1201 1077 experien-

155 1087 204 1155 do
226 1098 341 1150 tamen
367 1088 497 1169 magis,
529 1108 627 1170 quarn
652 1083 811 1151 discendo
834 1094 1005 1175 cognovi,
1045 1102 1109 1167 tu,
1140 1099 1200 1159 tuir

156 1190 261 1257 rebus
279 1188 443 1270 integris,
465 1184 592 1260 discas,
612 1208 723 1272 neque
742 1184 856 1251 salutis
873 1183 1012 1255 nostrae
1031 1196 1200 1259 rationem

157 1285 348 1353 habendam
372 1285 470 1349 nobis
493 1284 558 1351 esse
582 1284 648 1355 fine
670 1289 851 1378 dignitate,
879 1309 1002 1374 neque,
1019 1290 1197 1381 dignitatis

158 1386 227 1453 fine
248 1385 361 1451 salute

126 1521 147 1583 7
262 1484 365 1576 Quod
379 1482 462 1552 mihi
483 1484 525 1551 de
549 1483 632 1559 filia,
654 1484 749 1553 etde
767 1484 962 1575 Crasfipede
985 1494 1196 1581 gratularis,

156 1586 299 1676 agnosco
318 1585 560 1652 humanitatem
579 1600 686 1652 tuam:
711 1587 889 1676 speroque,
909 1601 943 1654 et
964 1605 1077 1681 opto,
1102 1599 1195 1663 nobis

160 1687 251 1755 hanc
273 1692 545 1754 coniunctionem
560 1689 725 1776 voluptati
750 1689 834 1755 sore.

127 1809 150 1875 3
261 1789 446 1855 Lentulum
470 1791 619 1857 nostrum
645 1797 767 1855 eximia
787 1787 859 1878 spe,
886 1790 1039 1861 summae
1061 1805 1194 1865 virtutis

155 1888 422 1966 adolescentem,
442 1914 547 1976 quum
570 1896 694 1957 ceteris
717 1892 865 1965 artibus,
893 1894 1019 1977 quibus
1043 1896 1195 1967 studuisti

145 2186 182 2269 se
202 2188 310 2266 assequi
334 2189 571 2260 arbitrabantur;
594 2205 642 2250 -ut
740 2190 835 2248 literis
859 2190 1003 2275 optimis]
1027 2192 1142 2281 Vulgo
1162 2198 1194 2255 li·

152 2274 261 2353 affequi
277 2295 336 2354 pro
357 2276 577 2356 asteqrtunturos
596 2274 641 2335 di·
698 2277 770 2331 teris
793 2277 932 2332 erunibus.
963 2277 1195 2361 Mamm-L..

152 2377 234 2422 ctum
251 2356 303 2430 sit,
326 2374 360 2418 nt
378 2360 477 2438 saepe.
697 2377 779 2443 gunn
809 2360 896 2420 dedit
926 2361 1028 2420 literis
1061 2368 1194 2425 omnibus
1252 2433 1253 2446 p

193 2466 262 2503 nam
277 2455 305 2501 et
312 2444 494 2520 stipendium
501 2437 641 2513 -fnct'le
697 2447 826 2518 optimis.
870 2445 970 2505 Nobis
985 2453 1115 2522 optimsr
1130 2448 1193 2511 llat-

118 2534 123 2541 '
149 2527 315 2606 perfectum
331 2527 385 2612 est]
403 2531 533 2589 Silentia
550 2549 641 2609 prae·
695 2531 817 2609 pliciter
830 2527 964 2610 politum
981 2532 1108 2613 placen
1124 2556 1192 2597 narn
1252 2604 1253 2610 ἵ

149 2623 222 2677 terit
244 2616 273 2675 sa
292 2612 389 2692 ipsum
406 2614 450 2676 hir
465 2614 639 2683 honoribur
689 2616 850 2675 adiectum
867 2619 998 2674 clunibus
1016 2618 1175 2683 abundat.

151 2698 274 2759 Caesari
301 2697 450 2759 habendis
478 2714 639 2759 auctorem
738 2712 768 2758 tu
794 2702 851 2756 tuis
868 2696 971 2783 rebus]
1008 2704 1099 2769 Octo
1123 2706 1191 2767 libri

149 2780 254 2854 luisse,
276 2784 363 2863 quod
387 2789 416 2842 in
433 2789 576 2843 oratione
598 2784 639 2844 de
695 2783 906 2845 rBenedicto
936 2786 1066 2863 collati,
1111 2788 1191 2852 hunc

148 2873 315 2950 provinciis
333 2866 541 2928 consularibua
567 2890 591 2928 c.
607 2879 638 2941 8.
695 2871 838 2930 ordinem
864 2884 970 2930 tenent
995 2874 1189 2947 verborum,

148 2953 234 3034 seqq.
251 2957 282 3012 in
298 2949 419 3024 senatu,
446 2953 497 3014 ubi
511 2973 570 3014 nec
584 2974 639 3014 ne·
695 2973 711 3013 a
728 2956 890 3027 Victorio,
916 2957 1087 3031 Mamurio,
1111 2961 1190 3021 Ber·

150 3058 225 3122 gare
253 3056 312 3097 nec
338 3036 522 3099 dillimulnre
546 3054 639 3119 pote·
694 3039 778 3121 gello
808 3037 970 3104 servatum.
1014 3043 1129 3131 Vulgo
1159 3057 1189 3104 tu

148 3139 214 3194 rat,
248 3121 318 3182 ase
342 3126 457 3183 l'actum
487 3124 637 3185 defendit.
694 3127 860 3185 rebustuir.

148 3209 201 3270 Ad
212 3207 372 3267 Lentulum
390 3226 492 3269 antem
509 3208 637 3270 scribens
737 3228 765 3287 7.
788 3213 824 3266 de
839 3205 911 3279 filia
933 3216 962 3266 et
989 3203 1188 3297 Craffipede]

147 3297 261 3352 veritus
286 3290 501 3366 elsevidetur,
522 3313 563 3355 ne
584 3293 637 3354 ille
693 3292 809 3353 lterum
839 3315 875 3355 ex
906 3292 968 3355 hoc
996 3293 1076 3358 loco
1101 3317 1189 3379 patet

146 3374 203 3439 fibi
217 3376 277 3439 hoc
293 3383 366 3438 vitio
384 3395 534 3450 verteret,
555 3399 637 3460 quo·
694 3376 856 3458 epistolam
868 3377 991 3440 hanon.
1002 3379 1043 3441 U.
1061 3384 1100 3444 C.
1117 3387 1186 3464 697.

146 3467 230 3525 niam
253 3463 304 3522 illa
325 3461 442 3524 consilii
464 3482 496 3524 et
518 3462 637 3535 senten·
692 3463 833 3543 scriptam
847 3462 916 3524 elle.
958 3464 989 3522 Si
1006 3470 1094 3527 enim
1110 3466 1189 3529 hanc

147 3553 209 3609 tiae
224 3553 355 3609 mutatio
371 3546 424 3608 fibi
441 3545 497 3628 ipsi
517 3547 637 3608 subtur-
693 3554 945 3609 coniunctionem
973 3569 1046 3609 cum
1078 3550 1188 3613 Cruffi·

145 3633 250 3714 picula
267 3633 428 3695 videbatur
451 3635 488 3695 cl.
503 3635 635 3714 ep0106.
691 3634 775 3714 pede
790 3634 935 3696 Lentulus
950 3653 1036 3695 anno
1057 3636 1188 3699 demum

73 3736 77 3752 ·
189 3722 271 3800 quod
298 3716 377 3800 ego]
417 3717 523 3801 Vulgo
552 3714 636 3779 abest
685 3716 872 3801 insequente
887 3717 992 3777 Tullio
1010 3723 1188 3800 gratulatur
1252 3775 1253 3780 ,

146 3824 219 3881 ego,
237 3819 320 3864 reete
337 3826 354 3863 a
371 3804 535 3874 sinuatio,
557 3802 637 3863 Ben·
692 3800 778 3877 ellet,
792 3802 856 3865 sera
869 3800 1190 3894 uimirsuilletgratu«
1252 3807 1253 3810 ¹

144 3887 247 3972 gello,
277 3888 448 3949 Benedicto
477 3889 635 3961 additum,
691 3887 778 3951 latio·

145 3990 178 4034 et
194 3972 233 4034 ab
250 3971 313 4032 lroc
328 3973 397 4052 plus
412 3970 530 4051 septem
549 3973 637 4035 codi-

146 4078 218 4120 cum
231 4062 418 4121 auctoritate
431 4055 598 4122 firmatum.
687 4127 691 4133 ¹
724 4118 728 4126 ,
