2506 4808
162 326 223 402 ¹⁶4
425 306 711 379 un1snoun
753 308 955 381 cxxx.¹

160 504 249 571 Nam
263 522 320 567 ree
336 501 473 586 quidem
490 498 577 587 ipsa,
598 513 634 563 et
653 504 682 564 is
700 496 796 569 dies,
818 518 891 583 quo
910 510 954 565 tu
972 520 1017 567 es
1032 500 1201 591 profectui,

161 604 248 671 nibil
267 603 350 669 mihi
365 602 406 667 ad
431 600 644 665 seiibendnm
660 604 852 687 argumenti
874 599 960 667 sane
981 603 1111 671 dabat.
1149 604 1200 673 Sa

161 704 448 791 quemadmodum
470 722 586 767 coram
607 722 709 787 quum
734 698 867 774 sumus,
888 700 1013 770 sermo
1039 708 1141 773 nobis
1161 706 1199 771 de

162 806 226 872 esse
246 830 315 871 non
337 805 437 878 solet,
474 801 516 867 llc
538 802 693 891 epistolae
713 796 846 866 nostrae
869 802 1015 871 debent
1045 806 1198 873 interduo

161 906 360 973 halucinari.

134 1032 152 1074 2
241 1007 477 1075 Tenediorum
499 1012 605 1097 igitur
624 1002 780 1077 libertae,
802 1002 912 1069 securi
930 1002 1105 1077 Tenedia
1126 1028 1197 1099 prae

160 1109 225 1174 cisa
241 1111 305 1194 est3
349 1132 451 1193 quum
475 1130 534 1175 eos
552 1120 689 1197 praeter
710 1128 783 1180 me,
807 1116 841 1171 et
857 1104 1054 1187 Bibulum,
1080 1124 1116 1181 et
1132 1110 1197 1185 Cali-

161 1212 274 1285 dium,
296 1224 329 1276 et
346 1212 530 1275 Favonium
545 1230 646 1273 nenio
669 1208 883 1297 defenderet.
1003 1272 1023 1301 ·.
1048 1208 1053 1217 '
1098 1290 1102 1299 Ι

131 1316 151 1381 3
241 1308 296 1374 De
318 1324 352 1376 te
373 1310 622 1398 ablagnetibus
644 1313 685 1375 ab
700 1304 819 1400 Sipylo
841 1316 977 1376 mentio
1003 1310 1058 1379 est
1081 1312 1195 1381 honori

160 1406 222 1475 fica
237 1411 340 1485 saeta,
359 1434 462 1495 quum
478 1424 513 1476 te
530 1432 635 1479 unum
655 1412 807 1497 dicerent
824 1410 1062 1501 postulationi
1075 1413 1195 1485 Lesa»

159 1515 200 1595 tii
213 1508 334 1578 Pansae
351 1510 516 1579 restitisse.

157 1716 217 1761 nna
238 1700 270 1761 sn
289 1704 398 1763 ceratia
419 1698 532 1765 tubalia
540 1744 550 1777 ,
583 1722 649 1784 quo
707 1698 801 1763 slretu
816 1700 896 1763 datie
910 1718 1098 1769 uterentur.
1142 1698 1196 1765 Ma

159 1799 279 1848 veterae
300 1789 484 1860 utebantur,
506 1788 559 1848 ubi
576 1808 651 1867 pro·
708 1796 770 1845 nur.

158 1886 308 1952 patenter
321 1873 438 1955 aliquid
457 1892 493 1933 an
506 1870 653 1945 breviter,
756 1864 887 1929 Tenedia
901 1872 1037 1963 securi]
1076 1879 1142 1938 ictu
1160 1894 1198 1935 va·

159 1958 250 2038 quod
279 1956 372 2018 instar
409 1946 558 2038 epistolae
584 1974 651 2017 non
707 1952 867 2027 hementi,
909 1978 1015 2039 quum
1053 1958 1198 2022 universo

160 2038 252 2112 ellat,
265 2060 391 2102 exerere
407 2046 596 2124 cogitarent3
616 2055 651 2103 ut
706 2042 773 2103 iere
788 2039 906 2101 senatun
920 2044 1199 2107 nontra'l'eaedia·

160 2127 247 2207 apud
263 2132 395 2188 amicum
411 2130 444 2187 in
458 2146 576 2198 coena,
601 2126 649 2186 so·
705 2147 774 2188 rum
796 2125 972 2185 libertatem
999 2130 1198 2201 ennianum,

159 2216 217 2283 ria,
255 2214 287 2273 iu
308 2216 420 2272 {tinem
439 2210 490 2272 vel
511 2213 600 2279 navi,
627 2206 650 2269 ii
706 2225 736 2270 et
754 2210 850 2287 J'ecnri
880 2205 1018 2271 Tenedia
1040 2234 1145 2297 quum
1164 2215 1199 2275 di·

159 2295 265 2358 ebena
299 2294 424 2378 praello
461 2316 528 2357 non
565 2291 649 2356 ellat.
706 2300 766 2366 xit,
789 2292 875 2377 quali
896 2299 1046 2379 quodem
1071 2298 1199 2361 iocoei·

157 2380 286 2443 Dubant
313 2382 427 2441 deinde
455 2376 649 2453 amanuensi,
705 2380 774 2441 lusit
801 2381 841 2440 ad
865 2396 1007 2443 veterem
1036 2383 1129 2445 illem
1152 2382 1200 2447 five

158 2483 194 2527 in
227 2466 397 2546 descriptae
436 2466 509 2525 inda
541 2464 651 2525 literae
705 2465 842 2526 fabulam
882 2462 944 2527 sive
968 2465 1140 2531 historiam
1168 2470 1200 2531 de

157 2556 361 2612 mitterentur.
381 2551 539 2610 Interdum
555 2555 648 2610 etiam
705 2552 816 2611 Tenue
839 2570 929 2633 rege,
971 2573 1089 2637 aquo
1113 2554 1200 2616 insule

157 2635 241 2716 ipson
270 2636 435 2696 mittebant
469 2636 649 2707 codicillos,
705 2654 821 2696 nomen
850 2639 984 2715 accepit3
1036 2642 1096 2721 qni
1125 2641 1199 2725 leget

159 2721 248 2801 quod
270 2717 348 2779 haec
362 2718 423 2799 ipse
442 2719 481 2777 ad
497 2722 650 2799 Quintum
706 2718 809 2792 sanxit,
831 2715 852 2778 si
868 2726 936 2815 quia
951 2721 1142 2786 adulterum
1157 2728 1201 2787 de·

158 2801 289 2946 {gistela
328 2803 491 2885 perspicue
523 2804 647 2885 probat.
705 2804 987 2949 Pwhfndfflffl’ff
1011 2828 1098 2955 euins
1114 2811 1200 2873 secari

200 2900 280 2946 anui.
705 2906 909 2951 intericutet‘
940 2910 950 2947 1
1001 2912 1046 2953 tte
1093 2900 1201 2957 cavavit

199 2970 379 3056 nasucinert]
397 2975 523 3055 garrire,
542 2978 650 3033 etiam·
703 2977 744 3033 ita
771 2934 950 3057 diligentbr,
976 2912 1016 3036 lli
1046 2986 1144 3041 etiem
1167 2982 1202 3041 de

157 3056 181 3117 si
203 3073 320 3119 certum
344 3076 558 3141 argumentum
582 3078 648 3119 non
703 3057 835 3119 filiosuo
852 3057 1055 3139 deprehenso
1073 3070 1201 3127 interro·

157 3140 209 3214 sn,
242 3156 347 3202 tamen
363 3145 511 3224 quicquid
529 3150 559 3203 in
573 3142 645 3203 buo-
704 3160 812 3227 gatus,
836 3142 993 3222 quidsieri
1017 3168 1200 3227 oporteret,

157 3246 225 3288 uam
258 3234 391 3297 venerit,
434 3224 605 3288 effundere.
703 3226 893 3308 respondisse
915 3229 1059 3305 dicatur,
1095 3238 1131 3297 id
1156 3236 1201 3297 sie·

200 3332 229 3371 2.
256 3305 472 3396 Tenediorum]
514 3314 646 3373 Petitum
703 3329 751 3373 ret
766 3315 853 3393 quod
868 3314 916 3372 lex
929 3313 1070 3379 iuberet.
1081 3318 1200 3381 Manat.

157 3392 235 3456 esta
258 3398 365 3481 legatie
382 3420 417 3456 eu
434 3398 528 3457 insula
545 3398 645 3457 Tena-
746 3412 774 3471 3.
796 3400 834 3455 de
855 3409 885 3455 te
908 3418 927 3453 α
944 3395 1150 3478 Magnetibus
1170 3412 1200 3465 al

156 3480 201 3541 do
216 3479 324 3551 millia,
346 3485 518 3542 utTanedii
535 3482 591 3541 suia
604 3480 647 3540 le·
706 3477 828 3565 Sipylo]
853 3486 904 3542 Sic
917 3484 1084 3551 Victoriae
1101 3512 1203 3553 emen-

156 3568 244 3652 glbue
285 3572 428 3629 viverent.
480 3568 645 3651 Negutum.
704 3568 786 3628 davit
809 3566 876 3628 inl.
910 3568 1018 3651 Vulgo
1053 3594 1202 3660 corrupte

155 3651 264 3712 Potina
278 3658 360 3711 enim
375 3650 489 3711 censuit
508 3650 645 3722 senatus,
703 3656 740 3711 de
756 3665 785 3709 te
805 3653 902 3729 magis
916 3650 952 3709 ab
972 3653 1094 3733 Sipylo.

155 3737 322 3797 utendam
345 3738 544 3808 conditione,
583 3755 644 3817 qua
744 3738 935 3812 poj'tulationi
953 3734 1201 3807 LSexeiiPan·

155 3826 250 3881 ceteri
277 3824 310 3880 in
341 3826 499 3899 provincia
533 3820 646 3900 populi
695 3820 770 3905 sae]
805 3822 982 3902 publicani,
1005 3842 1043 3887 ut
1069 3832 1202 3904 videtur,

154 3905 306 3976 Romani,
337 3920 534 3974 tenerentur,
564 3904 592 3963 h.
616 3926 644 3964 a.
703 3913 787 3967 cuiue
829 3910 955 3986 iniquae
993 3910 1203 3988 polinianen

154 4005 189 4048 ut
211 3989 330 4073 legibue
352 4011 368 4048 a
388 3988 512 4068 populo
527 3989 645 4048 Roma·
702 3993 853 4073 Quintae,
877 4010 974 4072 quum
992 3993 1103 4062 Allato
1119 4022 1203 4089 tege·

153 4092 197 4134 no
221 4092 275 4135 aut
299 4093 318 4133 a
339 4073 519 4156 provinciali
548 4079 643 4159 magi·
700 4093 759 4150 ret,
782 4074 944 4137 restiterat.
