2506 4808
178 331 243 399 με
434 312 719 383 ειηετοιΑ
761 310 951 383 Lxxne

181 502 225 572 nli
246 501 410 575 essemus,
445 524 554 585 neque
577 502 665 590 apud
690 523 755 569 nos
776 512 911 567 tantum
927 500 1092 571 valuisset
1113 504 1211 573 fermo

183 620 239 671 ant
259 604 435 677 itnltorum
456 608 659 679 ainicoruni,
696 617 754 669 aut
780 605 1025 693 improborum
1032 627 1043 691 ς
1085 606 1209 673 beatiffi
1241 636 1243 649 ·

183 731 231 771 mi
250 726 451 773 viverenins.
1095 756 1100 763 .

153 820 172 861 2
264 805 384 878 Nunc,
406 828 510 887 quum
529 803 661 893 sperare
676 826 740 869 nos
756 810 855 872 amici
868 806 1008 880 iubent,
1032 808 1126 874 dabo
1141 830 1209 897 ope·

182 928 276 980 ram,
308 924 353 971 u'e
375 928 450 971 inca
472 907 624 973 valitudo
645 919 706 973 tuo
726 905 836 969 labori
858 902 962 973 defin·
992 904 1074 973 ¹Res
1098 922 1207 993 quante

182 1006 239 1079 sn,
269 1007 441 1093 intellig03
470 1021 662 1091 quantoque
679 1008 782 1077 fuerit
796 1006 929 1073 facilius
952 1030 1097 1077 manere
1115 1011 1205 1085 donn.

184 1130 284 1193 quam
301 1110 427 1173 redire.
472 1108 543 1175 Sed
564 1122 696 1181 tamen,
731 1104 898 1173 fiomnes
920 1111 1086 1177 tribunos
1107 1108 1203 1199 plebis

184 1208 369 1282 habemus,
392 1208 411 1271 fi
434 1208 615 1274 Lentulum
638 1220 707 1273 ttnn
732 1208 914 1274 studiosum
940 1232 1045 1294 qnam
1073 1214 1202 1285 videtur,

186 1310 206 1377 fi
224 1334 306 1377 vero
323 1316 423 1381 etiam
442 1310 658 1399 Pompeium,
679 1322 714 1379 et
727 1309 920 1379 Caesarem:
942 1334 1017 1377 non
1043 1312 1093 1379 est
1107 1313 1203 1403 delp-

184 1412 342 1479 randum.
389 1480 393 1489 ,
756 1476 759 1481 ,
1195 1432 1199 1439 “

154 1519 176 1587 3
267 1513 323 1577 De
336 1512 479 1586 familia,
500 1514 674 1597 quomodo
690 1510 846 1607 placuisse
866 1518 989 1583 unicis-
1007 1512 1152 1589 l'cribis,
1164 1512 1201 1579 le·

186 1636 327 1681 olemus.

154 1738 184 1810 4,
266 1716 321 1780 De
345 1714 424 1779 loco
443 1736 536 1779 nunc
560 1715 697 1799 quidem
721 1720 789 1779 iam
806 1718 894 1783 abiit
911 1716 1121 1803 pestilentia:
1157 1714 1201 1783 led

187 1838 287 1899 qnam
301 1818 359 1881 diu
374 1817 455 1889 fuit,
477 1838 530 1885 ine
546 1838 613 1879 non
629 1822 751 1903 attigit.
807 1815 984 1891 Plancius,
1013 1817 1122 1885 honio
1144 1814 1201 1883 ofli-

186 1915 397 1989 ciofissnnns,
433 1938 486 1979 nie
510 1922 603 2002 eupit
627 1914 689 1979 elle
712 1915 839 1985 secum:
876 1930 911 1986 et
941 1917 1056 1984 adhuc
1082 1924 1199 1985 retinet.

185 2018 255 2101 Ego
278 2018 431 2083 volebam
453 2016 532 2081 loco
551 2022 656 2103 magis
681 2015 814 2081 deserto
842 2016 907 2083 else
928 2024 966 2089 in
987 2020 1116 2107 Epiro,
1135 2040 1201 2103 nuo

185 2140 249 2182 nec
268 2118 333 2204 ipl'e
350 2124 498 2192 veniret,
519 2140 583 2181 nec
599 2118 741 2187 milites:
766 2118 822 2185 fed
846 2118 958 2186 adhuc
979 2118 1139 2186 Plancius
1158 2140 1201 2183 me

185 2224 320 2290 retinet.
363 2219 489 2315 Sperat
502 2218 595 2313 polle
613 2216 703 2301 fieti,
736 2234 776 2285 ut
793 2244 928 2291 mecum
950 2227 988 2287 iu
1009 2222 1142 2289 ltaliam
1159 2218 1201 2283 de

566 2414 836 2433 Μ

227 2557 257 2619 5.
273 2547 310 2602 de
316 2542 464 2629 familia]
503 2543 673 2609 Servorum
729 2546 776 2605 ios
813 2560 932 2603 nomeu
961 2545 1068 2603 omitti
1101 2542 1199 2623 ponit

184 2624 309 2691 suorum
320 2631 359 2687 de
373 2630 503 2707 quibus,
514 2649 552 2687 en
566 2649 673 2689 menu-
730 2648 825 2706 quum
836 2629 1006 2691 Terentiae
1021 2626 1199 2687 literislcl’l·

183 2716 326 2775 mittendi
341 2710 445 2782 client,
463 2716 672 2795 interrogatus
727 2710 834 2774 sonem
861 2713 1020 2771 Ciceronis
1043 2716 1199 2781 inimicum,

185 2814 262 2862 eret,
291 2796 672 2870 Nemeosrnenurnifille,
728 2800 793 2856 eius
810 2800 882 2855 enni
904 2793 1066 2857 consulem
1087 2796 1127 2857 ed
1145 2794 1199 2855 Mn·

185 2882 275 2960 quod
297 2881 338 2943 ad
361 2879 391 2948 h.
417 2881 437 2943 l.
461 2878 561 2943 scribit
577 2884 673 2947 Erne-
728 2882 891 2941 sedoniem
911 2880 1104 2963 regendam,
1139 2896 1225 2961 pro·-¹

183 2964 266 3037 llius,
280 2965 388 3025 nullibi
405 2983 545 3045 apparet.
727 2968 852 3047 pedietn
880 2969 995 3027 iturum
1024 2962 1198 3051 fignificm'e

225 3049 393 3139 4deloco]
415 3054 581 3111 Terentiae
594 3070 672 3115 nun·
728 3050 804 3121 bus,
824 3048 1047 3131 responderet;
1077 3051 1199 3111 nomine·

183 3136 294 3197 tinum
333 3152 399 3197 erat
436 3133 671 3197 Theffelonicee
727 3140 876 3207 reenim,
904 3139 958 3218 qui
983 3132 1093 3196 consul
1115 3130 1199 3193 adhue

186 3235 240 3279 out
263 3219 447 3289 Dvrrhnchii
466 3220 670 3299 pestilentiam
728 3234 812 3290 eret,
834 3240 899 3281 non
923 3220 1072 3283 audebat.
1095 3216 1199 3279 Meet.

184 3306 341 3383 quandam
359 3322 513 3378 coortam,
531 3308 672 3387 ideoque
727 3302 812 3366 Nihil
838 3304 948 3368 melius
975 3304 1088 3376 video,
1123 3322 1201 3386 quen

183 3390 351 3451 valetudini
368 3398 469 3452 meriti
485 3396 638 3450 timuerat.
728 3406 762 3449 ut
778 3390 839 3469 ipso
854 3389 985 3471 legetur.
1029 3392 1112 3449 Nem
1134 3386 1202 3449 Piro-

226 3496 280 3554 qno
295 3498 346 3534 nec
362 3480 421 3552 ipse
437 3474 565 3557 ueniret]
596 3473 671 3535 Vul·
727 3496 800 3538 nem
816 3473 975 3537 consulem
999 3475 1130 3559 intelligi
1149 3492 1203 3535 cer·

183 3580 228 3643 go
250 3565 352 3626 editur
375 3584 434 3640 quo
458 3583 553 3641 neque
579 3558 670 3634 Hispo
728 3556 863 3621 tumell.
898 3555 1205 3637 AcfiHispoverum

182 3649 305 3709 veniret.
369 3648 520 3706 Nonnulli
551 3660 670 3705 veteres
727 3642 829 3714 ell'et,-
849 3641 955 3707 fictum
978 3663 1102 3709 nomen
1122 3662 1207 3707 treus·

181 3731 253 3791 libri
269 3732 399 3798 hebent,
426 3733 485 3804 ipso
496 3752 509 3798 ;
533 3730 583 3787 alii
600 3730 668 3803 ipse,
726 3727 833 3810 posnis
856 3728 950 3788 literis
972 3726 1036 3790 elle
1059 3730 1208 3797 credeten

183 3824 323 3899 quinque
350 3814 446 3877 nostri
472 3812 574 3888 Hlpso.
625 3814 669 3874 Ex
726 3819 852 3895 potine,
871 3833 933 3893 pro
949 3808 1069 3889 Pisonis
1082 3820 1210 3885 nomlm,

181 3902 241 3967 hnc
257 3909 405 3963 verietate
420 3899 589 3981 legendnm
606 3899 670 3955 lor·
726 3919 822 3981 qnam
844 3897 884 3959 de
906 3904 1098 3967 centurione
1114 3902 1210 3987 aliquo

181 3985 257 4051 tass'e
275 3983 358 4063 Piso,
389 3986 435 4045 vei
458 3988 564 4063 potii-n
588 3983 668 4057 ipsu
727 3988 912 4065 acciperem.

182 4082 216 4136 nt
229 4075 268 4134 de
282 4074 395 4139 eodeni
412 4072 596 4151 accipietu13
616 4088 669 4128 cu·
