2506 4808
245 265 248 274 ⁵
312 298 826 431 urrsronncrinrx.

264 511 481 581 CICERO
530 468 778 583 ATth‘o,
831 505 869 577 s.
910 496 911 499 ‘

164 667 601 754 Occupationunrmearum
616 659 669 728 vel
680 657 747 727 hoc
762 657 886 755 signum
902 667 978 741 erit,
993 661 1085 750 quod

61 769 198 857 epistola
218 769 345 831 librarii
365 789 464 843 manu
485 763 541 831 est.
583 764 637 829 De
661 759 874 851 epistolarum
894 762 1086 849 frequentia

60 886 94 936 te
111 868 194 937 nihil
208 864 454 933 :recalescet
469 866 647 1030 pleraeque
660 864 896 931 tantummodo
910 864 993 932 mihi
1003 891 1086 933 nun·

60 976 205 1045 tiabant,
229 974 287 1036 ubi
312 966 411 1043 esses,
433 967 487 1033 vel
506 971 605 1030 etiam
630 959 856 1067 significabant
882 979 975 1032 recte
1000 960 1087 1041 esse,

61 1073 187 1165 quod
169 1085 265 1137 erant
283 1072 342 1136 abs
364 1082 416 1134 te.
438 1093 504 1154 quo
520 1073 556 1132 in
574 1088 698 1155 genere
713 1072 858 1133 maxime
877 1067 1087 1141 delectarunt

62 1162 145 1240 duae
160 1175 232 1241 fere
249 1173 368 1238 eodem
367 1169 537 1263 tempore
553 1171 612 1232 abs
631 1180 665 1232 te
677 1165 846 1235 Buthroto
864 1168 970 1234 datae.
1013 1169 1088 1237 Sci·

61 1297 99 1340 re
121 1281 211 1341 enim
236 1254 405 1348 volebant,
430 1286 465 1337 te
490 1267 668 1334 commode
688 1270 864 1359 navigasse.
836 1267 979 1338 eSed
1003 1269 1088 1337 haec

60 1374 271 1469 epistolarum
289 1362 478 1473 frequentia
491 1394 559 1437 non
573 1378 642 1434 tarn
657 1371 810 1437 ubertate
832 1370 904 1448 sua,
924 1395 1023 1459 quam
1037 1397 1088 1440 ce·

60 1476 192 1543 leritate
217 1464 408 1561 delectatos
449 1471 510 1537 Illa
535 1472 602 1535 suit
621 1476 751 1558 gravio,
783 1485 817 1538 et
837 1471 936 1560 plena
956 1497 1091 1552 return,

62 1587 162 1664 quarn
168 1577 268 1643 mihi
291 1576 340 1643 M.
360 1556 520 1648 Paccius,
551 1569 672 1661 hospes
695 1584 792 1648 tuus,
826 1575 986 1642 reddidit
1030 1573 1090 1642 Ad

40 1699 136 1744 xeam
152 1679 333 1765 rescribam
354 1682 474 1765 igitur,
494 1688 528 1738 et
552 1681 615 1737 hoc
633 1673 770 1756 quidem
784 1681 947 1764 primurn:
966 1675 1089 1749 Paccio

62 1803 99 1846 re
121 1792 155 1847 et
169 1781 292 1848 verbis'
307 1777 452 1851 ostendi,
474 1775 553 1859 quid
576 1787 634 1840 tua
654 1776 905 1842 commendatio
925 1780 1090 1866 ponderis

60 1880 214 1947 haberet.
253 1880 369 1964 Itaque
389 1883 424 1942 in
446 1882 574 1942 intimis
599 1874 647 1939 est
666 1881 770 1951 meis,
793 1899 898 1961 quum
916 1892 1013 1945 autea
1031 1903 1092 1946 no·

64 1993 117 2049 ius
133 1973 212 2069 non¹
225 1979 348 2046 fuisset.
391 1977 491 2044 Nunc
507 1998 644 2066 pergam
661 1972 702 2040 ad
717 1989 840 2041 cetera.

121 2077 123 2083 ’
165 2083 293 2161 Varro,
314 2080 356 2144 de
380 2102 447 2164 quo
470 2080 510 2143 ad
529 2077 741 2164 niesscribiS‚
763 2079 1020 2165 includetur-in
1035 2081 1121 2170 ali·2

33 2248 36 2253 .
63 2202 163 2268 quem
182 2183 316 2257 locum,
353 2178 497 2245 simodo
518 2186 582 2245 erit
603 2178 713 2244 locus.
774 2172 846 2244 Sed
873 2179 1091 2275 nosti'genus

62 2284 276 2372 dialogorum
296 2304 471 2369 meorum:
495 2286 590 2347 utin
615 2284 789 2355 oratoriis,
811 2303 896 2366 quos
918 2293 954 2347 tu
970 2288 1006 2347 in
1021 2303 1092 2350 cae·

61 2384 133 2450 ltnn
152 2386 244 2460 fers,
273 2392 343 2450 non
367 2389 495 2477 mentio
518 2389 629 2470 potuit
651 2380 726 2448 fieri
741 2388 946 2468 ¹cuiusquam
970 2385 1094 2460 abiis,

1016 329 1081 412 ,³67

104 2728 199 2814 Epist·
234 2732 370 2797 CXLIX.
437 2753 463 2795 1.
505 2735 552 2803 ubi
607 2749 699 2816 pree,
730 2752 854 2814 exque
882 2731 1096 2817 intelligebam

63 2815 154 2901 esses]
177 2818 284 2900 Vulgo
306 2820 449 2899 additur,
475 2823 552 2896 quod
608 2837 640 2897 te
656 2817 736 2880 bene
751 2818 864 2878 valere.

59 2902 149 2960 'erant
170 2904 220 2960 abs
241 2915 291 2972 te;
324 2905 357 2963 id
378 2903 551 2984 Melasplnn
653 2899 818 2985 Buthroto]
854 2903 904 2964 Sic
927 2900 1096 2964 lectionem

62 2985 104 3048 fic
126 2987 316 3068 explicabat,
356 2987 442 3068 qsd.
476 2994 552 3068 quod
584 2990 681 3062 edd.
705 3011 752 3070 pr.
777 2984 868 3044 Bruto
896 2991 957 3046 iarn
986 2990 1097 3048 Menu-

582 3080 667 3135 ·tiue
688 3089 772 3133 recte
793 3088 984 3140 correxerat:
1009 3071 1097 3132 dein·

610 3161 649 3218 de
659 3159 809 3217 Gruterus
817 3162 942 3236 recepit.
954 3157 1038 3216 Mese
1046 3176 1097 3215 ve-

63 3074 153 3150 effent
166 3075 248 3131 domi
265 3083 334 3130 tuae
350 3077 448 3130 datae.
490 3078 552 3134 Ve-

63 3177 133 3218 rum
156 3153 218 3218 hoc
240 3162 380 3238 ineptum
397 3156 484 3218 estet
501 3162 553 3220 sri-

64 3241 180 3303 volum.
224 3243 306 3301 Nem
335 3238 358 3300 si
386 3241 447 3302 alio
473 3265 554 3324 quo-

64 3347 188 3408 cunque
203 3326 289 3397 loco,
304 3327 476 3399 ncndotui,
492 3334 512 3390 i.
525 3350 552 3391 e.

63 3411 210 3472 Buthroti
227 3408 356 3471 dedisset
372 3410 486 3485 literar,
504 3417 554 3475 Cl-

65 3518 139 3558 cero
162 3516 264 3577 oeque
288 3518 325 3559 ex
347 3500 382 3557 iis
404 3498 458 3556 ubi
480 3496 554 3558 esset

64 3587 200 3649 Atticus,
223 3580 412 3661 cognoscere
438 3583 555 3662 potuis·

64 3663 117 3725 set.
140 3664 256 3726 Ernesti
270 3665 477 3747 suspicabatur
489 3689 555 3728 ver·

65 3747 107 3809 ba
122 3748 255 3809 delendo
275 3748 343 3812 esse.
363 3751 444 3811 Mihi
458 3767 553 3812 trent·

65 3835 213 3913 ponendo
242 3841 347 3913 potius
371 3837 555 3897 videbantur

65 3915 494 3999 postverbareeteesse.1

70 4004 192 4081 ,quod
215 4015 302 4061 erant.
320 4007 369 4061 abs
395 4005 492 4088 te]'
482 4029 503 4065 1.
527 4027 554 4073 e.

52 4086 168 4171 quod
180 4102 279 4151 erunt
286 4105 400 4175 meua
408 4106 463 4155 nu
485 4088 556 4152 ieri·

609 3266 646 3305 10
658 3245 806 3302 Graevius
822 3237 914 3300 Bruto
931 3245 1097 3300 revocavit.

651 3341 681 3388 te
727 3330 879 3385 commode
920 3323 1096 3410 nevigaffe]

608 3417 641 3481 iu
655 3415 793 3492 Epirum.

654 3523 683 3562 ρ.
700 3500 730 3554 in
745 3501 877 3578 aliquem
891 3494 1099 3579 Iocum]nem·

609 3603 651 3663 pe
672 3583 824 3643 librorum
845 3580 884 3640 de
906 3601 940 3641 re
955 3581 1099 3661 publice,

612 3689 692 3747 quos
728 3683 793 3726 tum
822 3668 958 3730 Cicero
968 3664 1099 3735 scribere

612 3749 765 3851 eggreslue
782 3765 858 3810 erut.

655 3840 684 3896 in
707 3832 871 3917 oratoriis]
897 3831 982 3893 libris
1003 3831 1101 3909 tribue

611 3920 653 3981 de
668 3924 805 3983 Oratore
820 3924 861 3980 ad
877 3919 1028 4000 Quintum
1040 3917 1102 3978 sre-

598 4021 710 4080 t‚rem
726 4024 809 4092 anno
825 4004 998 4161 superiore
1002 4001 1101 4067 edilia.

598 4092 669 4159 ‘Cs-
666 4111 730 4173 ep
735 4084 839 4172 129..
