2506 4808
315 297 600 369 EPISTOLA
652 289 877 371 CXXIV.;·
1039 319 1131 395 145·

64 483 202 570 aliquod
226 481 347 549 fuisset.
391 480 553 560 Felicior,
590 488 694 573 poto,
730 512 807 553 cum
830 489 965 557 Aviano
988 505 1098 560 trans·

63 593 159 674 igere
176 583 359 671 possemus.
403 586 505 676 Quod
529 589 591 652 tibi
608 586 789 655 destinaras
804 591 1098 679 trapezophoion,

59 685 86 751 -si
107 700 142 751 te
158 685 327 761 delectat,
351 685 510 753 habebis:
537 687 583 751 sin
605 700 716 752 autem
732 688 929 757 sententiani
946 697 1098 771 mutasti,

62 811 129 877 ego
148 787 282 853 habebo
297 787 431 854 scilicet.
477 787 540 853 Ista
559 787 695 872 quidem
715 787 842 857 sumina
855 813 917 859 nae
935 817 998 882 ego
1015 797 1098 862 mul·

63 904 101 956 to
119 889 283 954 libentius
307 894 451 955 emerim
468 889 696 957 deversorium
712 886 934 969 Tarracinae,
953 918 997 960 ne
1017 896 1099 962 sem·

62 1014 126 1083 per
148 989 270 1077 hospiti
293 991 451 1056 molestus
476 989 545 1054 sim.
597 990 748 1057 Omnino
771 995 883 1060 liberti
909 1004 974 1062 mei
997 1000 1096 1066 video

64 1093 128 1160 esse
146 1092 298 1180 culpam,
325 1099 379 1158 cui
395 1091 493 1180 plane
510 1105 694 1157 res-certas
711 1097 904 1160 mandaram
914 1120 922 1179 3
946 1101 1097 1184 itemque

58 1193 167 1269 lunii,
188 1212 288 1277 quein
304 1192 393 1281 ‘puto
417 1195 479 1257 tibi
501 1204 618 1259 notum
633 1193 714 1268 esse,
740 1193 868 1261 Aviani
883 1196 1093 1266 familiarem.

60 1299 212 1365 Exedria
237 1295 402 1380 quaedam
425 1293 508 1358 mihi
530 1317 616 1362 nova
637 1293 712 1359 sunt
730 1295 881 1362 instituta
897 1305 932 1363 in
947 1309 1096 1386 porticu·

60 1398 95 1465 la
118 1396 312 1465 Tusculani.
356 1397 404 1461 Ea
429 1397 582 1462 volebam
605 1396 737 1462 tabellis
764 1417 898 1465 ornare.
944 1401 1096 1481 Etenim,

60 1500 84 1564 si
108 1499 187 1583 quid
211 1503 343 1586 generis
365 1496 555 1562 istiusmodi
577 1518 630 1560 me
657 1497 818 1573 delectat,
853 1507 984 1588 pictura
1007 1506 1096 1570 dele·

61 1615 146 1668 ctat.
190 1599 263 1666 Sed
283 1614 415 1676 tamen,
448 1590 468 1661 si
489 1596 550 1663 ista
572 1598 656 1663 mihi
680 1598 753 1662 sunt
776 1599 948 1676 habenda,
976 1614 1095 1673 certio·

60 1704 260 1770 remvelim
282 1722 337 1765 me
361 1701 484 1774 facias,
515 1701 572 1766 nbi
598 1698 677 1773 sint,
714 1697 848 1783 quando
870 1703 1095 1786 arcessantnr,

62 1828 130 1889 quo
149 1824 273 1892 genere
288 1814 457 1868 vecturae.
501 1800 538 1866 Si
563 1806 654 1864 enim
671 1798 891 1890 Damasippus
909 1808 945 1868 in
967 1808 1095 1873 senten·

59 1914 109 1972 tia
125 1928 193 1970 non
211 1905 377 1974 manebit,
400 1900 542 1984 aliquem
565 1901 927 1992 pseudoDninasippum
946 1908 997 1972 vel
1016 1931 1096 1973 cum

61 2013 190 2072 iactura
220 2010 445 2093 reperiemus·

167 2106 269 2196 Quod
287 2107 326 2170 ad
343 2128 397 2168 me
413 2101 573 2168 dedomo
591 2101 707 2168 scribis
728 2103 871 2178 iterum,
888 2110 955 2170 iani
977 2106 1011 2172 id
1028 2128 1123 2198 eg02

64 2206 283 2297 proficiscens
306 2206 500 2270 mandaram
526 2227 618 2268 meae
640 2203 783 2270 Tulliae.
827 2206 875 2269 Ea
907 2214 994 2272 enim
1026 2214 1079 2300 ips
1131 2216 1133 2219 ’

59 2308 145 2374 hora
164 2330 361 2397 acceperam
382 2322 457 2372 tuas
480 2307 616 2370 literas:
648 2321 783 2392 egeram
807 2312 908 2371 etiam
930 2331 1008 2374 cnm
1034 2327 1092 2377 tuo

447 2455 718 2474 *dm—0

59 2538 209 2601 Mercurii
224 2529 340 2621 signnm
357 2530 466 2610 suisset,
488 2538 551 2598 sor·
649 2550 771 2591 noua—
784 2530 815 2589 in
827 2532 997 2621 porticula]
1021 2558 1097 2620 ergo

61 2619 137 2684 tasse
165 2642 236 2682 cum
258 2625 377 2682 Avieno
403 2621 550 2683 slatuario

60 2708 181 2768 selicias
198 2712 323 2788 transigi
344 2704 493 2786 perndie,
517 2723 551 2768 ut

24 2796 27 2801 ’
61 2791 171 2853 viliore
211 2791 309 2850 saltim
349 2797 457 2870 precio
498 2793 550 2854 illu

59 2875 146 2960 signa
193 2882 418 2937 coimereniur.
490 2878 551 2937 lia·

61 2982 125 3043 que
151 2980 217 3021 non
241 2976 306 3020 erat
334 2982 388 3021 cur
410 2960 549 3023 Emestio

60 3047 193 3105 Victorii
223 3049 401 3106 coniectura
424 3046 551 3117 facilius

61 3131 208 3212 placeret.

105 3236 160 3293 ego
174 3213 278 3272 latebo
290 3210 423 3296 scilicet]
445 3231 479 3274 ut
492 3236 550 3276 iios

46 3301 207 3379 dicimus:
247 3301 282 3372 sn
313 3301 438 3374 nei-steht
454 3302 550 3375 siclis,

61 3388 127 3461 dass
146 3388 204 3442 iclis
223 3385 343 3441 siclinlte.

102 3466 248 3551 caedria]
279 3470 349 3528 loca
372 3474 403 3530 in
426 3472 553 3548 porrici·

61 3554 119 3616 bus
147 3555 201 3614 ubi
232 3557 370 3614 ledentes
395 3555 553 3635 disputata

60 3639 140 3700 soliti
161 3655 258 3699 erant.
304 3634 427 3698 Exedra
449 3657 552 3700 tamen

60 3724 203 3784 muliebri
235 3744 364 3807 genere,
406 3722 552 3785 usitatius.

60 3809 179 3870 Vitruv.
212 3810 250 3867 V.
286 3834 329 3869 ii.
363 3822 395 3868 et
419 3811 482 3869 Cic.
513 3811 553 3868 de

63 3896 150 3954 Orat.
176 3894 227 3952 lll.
263 3913 289 3952 c.
318 3915 343 3952 i.
387 3894 450 3952 Sed
485 3914 552 3950 exe-

60 3983 160 4037 drium
181 3979 254 4038 inde
277 3979 393 4037 facium
424 3979 553 4063 incipiet·

62 4067 175 4132 στικῶς.
219 4059 339 4123 Manui.
452 4074 460 4087 ¹

102 4182 161 4235 Cic.
182 4181 252 4246 Epp.
276 4180 352 4230 Tem.
372 4177 412 4228 it.

609 2634 696 2677 erant
713 2631 743 2676 et
753 2632 866 2690 vetera,
883 2627 989 2682 nonin
999 2629 1099 2702 poiti-

607 2702 686 2774 cula,
702 2699 836 2774 niliaco,
859 2700 958 2765 sedin
975 2714 1099 2786 porticu

608 2789 776 2870 ampliore,
800 2791 820 2846 i.
836 2807 863 2848 a.
883 2792 919 2850 iii
930 2790 1027 2874 xysto
1044 2797 1099 2873 qui

607 2877 784 2932 nominatui
809 2873 850 2932 ad
865 2877 925 2943 Ait.
941 2877 964 2934 i.
984 2894 1014 2948 a.
1045 2876 1097 2953 (li.

608 2960 657 3018 ed.
684 2979 732 3034 ep.
752 2960 805 3034 4.)
849 2954 970 3018 Manui.

649 3036 989 3128 pseudoDamafippim]
1005 3042 1099 3106 fiDa·

608 3127 761 3207 masippus
809 3129 861 3187 illa
902 3129 986 3211 ligna
1031 3151 1098 3192 non

609 3218 735 3280 emerit,
759 3219 954 3292 quaerendus
979 3211 1020 3272 est
1039 3235 1098 3274 no·

608 3296 653 3357 bii
677 3297 753 3355 alius
774 3296 955 3378 Damasippi
977 3297 1097 3372 siniilis,

608 3385 655 3440 cni
672 3379 725 3440 iiia
741 3381 788 3438 vol
804 3402 871 3440 cum
891 3389 1007 3443 iactura
1023 3405 1097 3466 qun·

609 3468 681 3526 dam
712 3467 888 3525 vendamus.

653 3567 678 3609 2.
701 3547 906 3632 proji'ci'fieni]
928 3572 1023 3634 quum
1034 3552 1099 3614 Ro·

608 3656 656 3693 ma
682 3637 896 3705 decedebamr
936 3652 968 3697 nt
995 3637 1098 3709 villan,
1201 3661 1204 3667 ’

608 3724 745 3796 inprimis
763 3725 940 3797 Arpinatem
969 3721 1099 3784 obirem.

652 3801 856 3886 mandaram]
917 3806 1013 3865 [lecte
1059 3803 1100 3866 sic

611 3892 785 3948 emendavit
802 3885 962 3950 Ernelliui.
994 3890 1099 3973 Vulgo

610 3976 794 4036 mandabam,

965 4154 997 4219 K
