2506 4808
124 324 172 391 26·
449 306 735 381 EPISTOLA
775 314 827 383 X.

122 509 208 575 haec
225 506 273 572 est
288 500 398 569 adhuc
414 500 595 565 informato
612 507 783 591 cogitatio.
828 502 902 570 Nos
918 509 954 570 in
970 512 1159 579 omni-mu-

122 633 206 678 nere
223 605 454 673 candidatorio
473 603 649 691 sungendo
669 603 831 670 summam
853 606 1089 675 adhibebimus
1106 611 1157 677 di·

1 788 2 794 ἵ
121 713 312 801 ligentiam:
348 720 383 772 et
404 703 557 778 fortasse,
584 711 743 788 quoniam
767 709 902 774 videtur
923 715 960 774 in
985 708 1156 800 suffragiis

121 815 267 882 multum
288 807 379 900 polle
401 805 522 878 Gallia,
551 826 656 889 quum
679 805 807 875 Romae
832 831 851 873 a
876 811 1010 876 iudiciis
1038 814 1158 879 forum

120 918 311 987 refrixerit,
348 926 570 975 excurremus
602 906 714 971 mense
743 908 940 998 Septembri
973 911 1077 1001 legati
1111 908 1173 981 ad'

117 1016 291 1088 Pisonem,
320 1024 360 1078 ut
379 1011 533 1075 Ianuario
553 1020 773 1074 revertamur.
817 1010 933 1104 Quum
947 1014 1155 1104 perspexero

119 1118 313 1186 voluntates
344 1111 529 1181 nobilium,
559 1106 701 1173 scribam
727 1110 769 1173 ad
796 1124 842 1175 te.
901 1115 1025 1181 Cetera
1054 1117 1153 1206 spero

119 1219 252 1311 prolixa
281 1213 364 1292 elle,
404 1211 459 1279 his
489 1210 654 1275 duntaxat
686 1213 824 1291 urbanis
855 1221 1152 1309 competitoribus.

162 1525 321 1610 cogitatio]
344 1520 606 1604 Suspicorlegeu·
655 1524 721 1600 ster
741 1524 872 1600 equitum
883 1524 978 1605 fuisse
998 1531 1053 1588 tibi
1068 1534 1150 1593 uide·

118 1615 197 1679 'dum
211 1610 273 1676 effe
294 1611 478 1690 cogitatione
493 1607 583 1665 ratio.
663 1629 747 1680 rere,
783 1613 812 1668 iu
835 1618 1010 1687 proximum
1039 1638 1151 1677 aunum

166 1698 287 1782 Gallia]
331 1699 382 1757 sic
406 1696 606 1755 Victoriuse
663 1695 841 1769 consulatum
860 1711 993 1774 peteres,
1023 1705 1073 1760 uel
1094 1724 1149 1778 po·

118 1784 241 1850 vetullis
279 1782 384 1843 eodd.
412 1778 604 1847 emandavit,
662 1782 720 1837 tius
741 1801 880 1858 rogares,
911 1789 936 1843 is
951 1807 1006 1861 pcr
1026 1790 1150 1849 munici-

118 1893 217 1955 quum
240 1885 330 1931 entee
348 1863 425 1928 fello
447 1864 605 1946 legeretur
659 1865 903 1945 piacolouiasque
916 1866 1148 1949 Galliae,aqaa,

122 1955 226 2017 Galba.
281 1954 359 2034 Quis
383 1953 466 2010 euim
492 1944 603 2017 nescit,
661 1970 747 2026 quum
769 1955 931 2028 consulatus
953 1960 1050 2032 noster
1064 1968 1149 2035 pete·

115 2046 228 2127 inquit,
242 2039 359 2099 multos
377 2033 499 2095 Galliae
509 2029 603 2092 Cisal·
659 2038 745 2093 batur
765 2057 822 2094 aon
845 2045 1023 2118 rogabatur,
1042 2055 1148 2120 petere

115 2134 211 2210 pinee
230 2121 371 2205 populos
390 2124 436 2179 ius
456 2117 603 2177 serendo·
660 2122 837 2196 consulatum
860 2127 1043 2200 solebamus,
1078 2150 1146 2188 cum

115 2234 185 2275 rum
202 2206 420 2292 suffreglorum
443 2197 603 2262 hebuiffe?
657 2208 776 2286 gallicis
790 2228 825 2264 ae
839 2211 959 2270 lucerua
980 2215 1145 2290 cucurristi.

116 2316 183 2380 quo
197 2294 227 2357 le
236 2296 347 2355 Cicero
363 2306 525 2349 excurrere
540 2285 603 2345 vel·
697 2290 869 2377 refrixerit]
906 2296 969 2358 hoc
984 2295 1027 2358 est
1044 2317 1145 2380 quum

115 2381 148 2443 le
166 2382 255 2450 dicit,
278 2393 314 2437 ut
334 2375 460 2435 illorum
480 2375 600 2431 animos
657 2381 757 2438 miuus
785 2377 888 2441 licebit
917 2382 1041 2442 Romae
1063 2384 1145 2445 iudi·

115 2466 172 2529 fibi
195 2463 374 2526 conciliaret
381 2500 391 2531 ,
416 2477 514 2539 quum
536 2456 601 2515 Ro·
658 2464 709 2521 elie
724 2483 842 2524 vocure.
885 2467 966 2526 Nem
987 2488 1023 2528 ex
1036 2467 1144 2530 secuu-

114 2570 217 2612 meet
233 2541 601 2608 iudicitsforumrelnxe·
657 2547 698 2606 de
724 2549 854 2611 Verrine
884 2568 1033 2632 apparet,
1070 2551 1144 2634 poll

114 2641 165 2698 rit.
207 2633 328 2695 Multos
350 2634 431 2690 enim
447 2624 600 2688 defenito-
656 2632 801 2692 Sextilem
848 2635 1018 2719 plerosque
1074 2639 1142 2700 diee

113 2742 190 2784 num
218 2716 273 2780 fibi
296 2713 448 2776 beneficio
480 2713 544 2772 obli
567 2732 599 2772 e·
657 2733 794 2795 quatuor
828 2718 1020 2802 sequentium
1053 2743 1141 2785 men·

113 2806 186 2879 bet,
214 2822 249 2866 ut
264 2801 380 2874 nollet,
408 2733 600 2877 dumposet
655 2799 730 2861 suun
768 2801 856 2866 suille
891 2806 972 2869 ludis
1010 2809 1140 2872 diotae.

75 2900 78 2905 '
113 2888 228 2954 sorensi
256 2887 367 2949 lubere
397 2901 428 2945 et
451 2879 600 2943 industrie
660 2883 779 2960 Cosaub.

114 2981 230 3037 emieoe
246 2972 300 3033 fibi
319 2974 521 3048 fautoresque
541 2987 598 3047 pe·
695 2971 807 3058 legari]
852 2974 1012 3060 legatione
1028 2975 1137 3041 liber..

112 3081 194 3135 rere,
209 3080 279 3121 eem
295 3053 488 3117 occasionem
505 3056 597 3111 omit·
658 3053 784 3118 Corrad.

111 3161 189 3206 tere.
232 3137 598 3217 Stelib.11.edQuiu-
696 3139 843 3223 Pt'j‘unem]
881 3136 916 3203 C.
934 3143 1136 3225 Calpurnium

19 3282 25 3289 ,
110 3245 194 3291 eumz
215 3230 272 3305 sod
295 3246 406 3304 inagna
430 3242 532 3280 rnouus
556 3242 595 3280 ex
652 3226 812 3301 Pisonem,
829 3233 882 3311 qui
897 3248 993 3309 quum
1011 3232 1135 3296 duobus

111 3312 220 3375 Piceno
235 3324 266 3373 et
281 3308 385 3370 Gallia
398 3310 594 3384 exspectatur.
652 3329 724 3373 ame
747 3318 833 3374 annis
859 3312 975 3373 Consul
995 3338 1064 3378 cum
1090 3319 1135 3379 Μ,

109 3402 229 3462 Hirtius
247 3404 279 3459 in
296 3399 470 3457 Comment.
485 3391 539 3452 ult.
554 3392 595 3453 de
651 3399 749 3459 Acilio
760 3399 932 3459 Glabrione
940 3398 1050 3474 fuillet,
1061 3402 1136 3463 Gel-

108 3483 374 3554 belloGell.e.5a.
389 3473 423 3536 T.
436 3475 594 3536 Labienum
649 3482 720 3542 liam
744 3482 978 3545 Narbonensem
999 3507 1136 3566 procon-

109 3581 233 3649 togatue
245 3566 363 3626 Galliae
371 3563 526 3640 praefecit,
537 3584 592 3641 quo
648 3567 712 3628 sule
730 3568 862 3629 alterum
874 3575 937 3629 iem
951 3589 1066 3633 eurtum
1081 3572 1136 3635 nd·

109 3661 225 3715 maiore
251 3651 503 3712 eotnmendutiouc
526 3671 592 3707 cort-
648 3650 846 3716 ministrebut.
891 3650 1015 3729 Popma.

109 3744 262 3800 ciliaretur
276 3741 315 3796 ad
332 3733 503 3812 Consulatus
516 3736 592 3810 peti·
691 3741 809 3797 urbanis
861 3742 1132 3829 competitoribus]

108 3829 229 3885 tionem.
261 3824 324 3884 Cic.
344 3826 376 3882 in
398 3819 529 3901 Philipp.
552 3820 591 3882 ΙΙ.
649 3823 722 3883 Hoc
741 3827 784 3886 ite
803 3829 1010 3904 interpretor:
1033 3830 1133 3892 modo

109 3908 160 3970 Ex
178 3913 308 3968 ornuium
322 3906 592 3983 omnibusflagt'tiis
649 3910 776 3989 quidem
802 3930 851 3969 ret
874 3909 949 3970 mihi
969 3913 1076 3974 sutura
1096 3912 1135 3977 fit

106 4001 221 4057 necllum
238 3996 354 4070 turpius
376 3995 456 4064 vidi,
479 3994 592 4049 nattum
648 4007 767 4053 tautum
790 4014 861 4054 cum
881 3998 915 4055 iit
935 4001 988 4077 qui
1002 4007 1133 4062 nuncin

106 4086 219 4158 audiui,
243 4102 329 4160 quam
345 4082 421 4159 quod
432 4081 482 4154 'qut'
498 4076 593 4155 magi·
648 4078 727 4141 urbe
738 4077 821 4152 sunu
841 4077 929 4164 quasi
937 4080 1036 4147 dicet:
1057 4102 1135 4147 nem
