2506 4808
336 288 621 402 epistota
662 303 820 377 actu.
1047 317 1088 391 φ

59 490 218 563 locutus,
235 503 279 555 ert
294 487 376 556 mibi
392 490 527 554 viderer
542 496 691 555 animum
705 489 852 555 hominis
871 491 912 554 ab
928 499 1021 558 omni
1031 493 1092 559 alie

61 596 274 678 ‘cogitatione
299 592 340 654 ad
362 604 454 655 tuam
483 592 683 678 dignitatem
707 594 869 656 tuendam
900 594 1091 659 traducere.

56 694 178 783 Quem
194 712 258 778 ego
273 689 376 777 ipsum
393 713 495 774 quum
510 693 619 766 audio,
637 692 772 779 prorsus
790 717 865 758 eum
882 694 989 761 libero
999 705 1093 764 omni

64 797 250 884 suspicione
278 793 483 880 cupiditatis.
527 793 641 883 Quum
670 808 781 860 autem
809 801 880 861 eius
911 798 1095 864 familiares

61 902 219 962 omnium
234 895 392 959 ordinum
407 893 524 967 video,
542 894 726 983 perspici0,
745 897 779 960 id
796 897 967 980 quodiam
988 906 1095 964 omni»

64 1003 129 1063 bus
148 997 194 1062 est
218 1010 392 1085 apertum,
413 1009 518 1059 totam
537 1018 609 1058 rem
625 996 719 1060 istam
740 1001 940 1084 iampridem
958 1021 975 1064 a
992 1008 1093 1066 certis

62 1101 282 1172 bominibus,
304 1122 372 1164 non
388 1104 497 1165 invito
514 1120 595 1186 rege
617 1097 706 1187 ipso,
728 1098 988 1185 consiliariisque
1004 1107 1095 1176 eine,

66 1204 131 1268 esse
152 1215 360 1288 corruptam.

162 1304 255 1367 Haec
279 1301 387 1389 scripst
404 1324 431 1365 a.
444 1303 481 1365 d.
498 1322 561 1368 xV1
579 1302 645 1366 kal.
660 1303 759 1367 Febr.
784 1316 861 1368 ante
880 1302 1004 1368 lucem.
1042 1305 1124 1374 Eo3

68 1409 122 1472 die
146 1405 277 1469 senatus
299 1417 368 1469 erat
391 1405 538 1469 iuturus.
581 1404 653 1468 Nos
676 1410 710 1468 in
731 1403 862 1478 senatu,
883 1405 1096 1488 quemadmo-

68 1511 149 1575 ‹lum
167 1507 281 1594 spero,
302 1507 500 1593 dignitatem
516 1507 681 1579 nostram,
695 1519 736 1570 ut
752 1505 861 1592 potest
876 1513 910 1571 iu
932 1520 1025 1571 tanta
1040 1505 1098 1572 ho.-

70 1616 198 1674 minum
222 1603 379 1694 perfidia,
418 1619 451 1671 et
474 1614 666 1692 iniquitate,
703 1611 939 1672 retinebimus.
996 1606 1097 1698 Quod

43 1754 46 1759 ·
70 1713 112 1775 ad
127 1712 326 1798 popularem
342 1714 504 1772 rationem
524 1715 661 1782 attinet,
682 1707 748 1772 hoc
765 1710 920 1773 vitiemur
940 1707 1003 1772 esse
1019 1722 1099 1772 com
1173 1781 1178 1789 ,

64 1812 191 1887 secuti,
211 1825 248 1877 ut
270 1834 313 1875 ne
332 1811 412 1897 quid
433 1815 487 1899 agi
502 1833 580 1876 cum
595 1807 720 1900 populo
743 1824 799 1874 aut
814 1809 909 1877 salvis
927 1806 1079 1902 auspiciis
1088 1848 1106 1894 ,ι

112 2151 143 2211 3.
177 2139 217 2194 ad
249 2131 331 2192 XVI
354 2132 423 2194 Kal.
454 2131 560 2220 sein]
617 2131 764 2216 gnificet3
808 2152 914 2214 neque
942 2137 1023 2194 euim
1054 2132 1104 2194 lex

71 2223 156 2305 Ergo
171 2221 273 2301 pridie
282 2222 384 2281 suerat
392 2220 559 2282 XVllKel.
616 2222 709 2292 ferri,
742 2234 796 2279 eut
815 2225 946 2280 omniuo
967 2224 1016 2300 egi
1033 2236 1104 2278 cum

72 2327 138 2388 quo
154 2309 205 2366 die
219 2303 451 2367 sententiareise
464 2309 560 2364 dictes
616 2304 741 2385 populo
757 2320 883 2384 poterut
900 2324 940 2364 eo
958 2308 1025 2372 die,
1040 2321 1105 2383 quo

71 2391 215 2452 ostendit.
259 2397 403 2464 Atnunc,
428 2397 480 2473 qui
495 2392 560 2450 dies
616 2386 809 2470 magistrumn
833 2390 873 2449 de
895 2389 987 2448 coelo
1008 2386 1107 2448 server

71 2482 103 2536 in
119 2477 263 2535 Ianuario
286 2475 388 2538 mense
406 2475 476 2555 post
491 2477 560 2535 idue
617 2484 682 2550 ret3
707 2494 789 2557 quae
798 2475 911 2550 spectio
920 2472 1107 2549 vocabatur3

72 2562 210 2643 sequitur
225 2558 267 2619 est
285 2561 455 2623 xtx.1tat.
472 2560 562 2623 Febr.
619 2576 723 2642 eoque
751 2559 956 2640 auspiciorum
993 2576 1108 2639 genere

72 2666 139 2707 non
164 2645 263 2706 XVlI.
296 2666 360 2726 quo
388 2666 430 2707 ne
457 2666 563 2706 move·
618 2664 830 2726 neneuguret
848 2640 1107 2726 sedmegistratns

74 2752 181 2803 arnor,
226 2731 382 2791 sciendum
420 2729 480 2803 est,
517 2731 563 2791 Ia·
618 2747 686 2791 non
711 2730 812 2791 rnodo
842 2737 978 2790 maiorer
1000 2748 1109 2787 veram

71 2822 216 2878 nuntium
239 2830 314 2876 tunc
338 2814 476 2876 habuisse
498 2832 563 2876 teu·
620 2818 713 2875 'etiem
751 2820 890 2876 minoret
931 2811 1109 2874 utebantur.

73 2919 138 2962 tum
149 2900 257 2960 xxix
272 2903 336 2961 dier
344 2944 354 2974 ‚
375 2903 500 2962 Numae
516 2922 564 2961 re·
618 2894 777 2980 Impedire
811 2906 949 2960 actiones
982 2897 1112 2959 tribuni·

75 2992 120 3070 gir
136 2983 291 3058 instituto,
311 2991 365 3068 qui
379 3006 492 3046 annum
506 2989 565 3045 Lu·
621 2991 682 3045 cies
698 2986 745 3045 vel
760 3006 825 3065 ope
838 2982 1041 3067 magistratus,
1057 2984 1111 3062 qui

72 3090 137 3132 nee
150 3070 235 3130 cursu
246 3072 402 3131 dimetitur
419 3071 469 3136 eli.
487 3073 566 3132 Cse·
623 3071 831 3131 comitialibus
839 3071 948 3130 diebus
966 3070 1007 3128 de
1022 3066 1111 3128 caeto

75 3156 123 3217 ser
153 3171 257 3214 autem
287 3157 422 3217 dictator
451 3178 565 3216 annum
621 3154 773 3227 servaret,
795 3157 910 3216 Cicero
934 3154 1113 3237 cogitabat,

76 3243 117 3301 ed
141 3239 257 3300 cursum
280 3241 360 3301 Solis
389 3262 565 3303 accommo·
623 3240 670 3300 vel
695 3237 717 3301 fi
746 3240 796 3300 lex
824 3244 958 3299 serretur
986 3239 1114 3298 alicuius

76 3329 171 3396 davit,
194 3325 272 3386 binis
288 3327 396 3386 diebus
412 3333 442 3385 in
456 3327 567 3386 lenun-
607 3325 739 3388 -tribuni
762 3325 862 3406 plebis
883 3321 1116 3390 intercessione:

75 3417 168 3480 rium,
185 3411 341 3483 Sextilem,
359 3410 567 3472 Decembrem
625 3427 795 3492 propterea
834 3409 1013 3492 subiungit,
1064 3415 1118 3466 aut

77 3495 212 3563 insertis,
235 3512 268 3555 ut
283 3501 416 3557 tricenos
434 3493 567 3579 singulos
620 3498 714 3578 saluis
733 3499 865 3572 legibusr
886 3516 957 3554 narn
975 3488 1117 3553 interces-

77 3580 229 3641 heberent
244 3583 308 3642 dies
323 3584 567 3662 quiXXlxteu·
625 3579 703 3644 sioni
719 3583 893 3662 parentium
910 3576 1117 3662 legibusere't.

79 3683 145 3726 tum
175 3664 359 3728 imbuerent.
385 3667 568 3728 Macrobius
625 3665 727 3735 Nihil,
751 3671 869 3747 iuquit,
893 3685 909 3725 a
933 3663 1059 3745 populo
1082 3664 1118 3719 ti·

78 3750 130 3810 lib.
148 3751 170 3810 i.
192 3753 314 3810 Seturn.
329 3773 353 3812 c.
373 3764 420 3827 rit.
436 3754 568 3814 Sueten.
626 3753 794 3826 mendum
812 3749 834 3812 fi
855 3750 954 3810 modo
973 3746 1119 3826 auspicia,

78 3834 294 3910 insulcati.
340 3831 460 3896 Met-nur.
628 3853 681 3897 eut
715 3837 800 3920 leges
828 3836 993 3905 valebunt,
1037 3846 1121 3910 quae

61 3946 65 3952 ·
114 3921 382 4007 salvisaafpiciis]
407 3922 513 3981 Genus
534 3921 570 3981 il·
627 3920 790 4005 stentere
826 3920 951 4001 publica
980 3916 1121 3984 valeant,

78 4005 132 4064 lud
160 4004 383 4085 auspiciorum,
406 4009 493 4086 quod
507 4008 570 4083 ser·
628 4004 816 4070 necesseell.
862 4007 950 4066 Haec
964 4004 1030 4061 duo
1045 4000 1121 4081 legit

80 4113 152 4150 vare
174 4095 211 4148 de
237 4093 317 4148 coelo
339 4091 517 4167 dicebatur,
536 4091 572 4153 fi·
607 4131 610 4135 -
629 4090 852 4174 impediendae
881 4107 998 4174 genere
1021 4087 1124 4148 nomi·
