2506 4808
223 316 504 386 uetsroun
544 316 626 384 xv.
668 314 780 384 xvi.
970 336 1013 412 4„

90 511 278 581 Antonium,
309 504 366 570 etsi
387 511 459 571 eius
481 508 518 568 in
539 522 595 569 nte
615 501 730 570 officit
749 528 870 572 omnes
889 508 1043 594 lenden

89 656 95 683 ,
112 616 266 676 tamenin
280 607 394 673 senatu
411 604 612 694 gravissime,
639 628 678 671 ac
699 608 944 696 diligentissime
960 619 1012 679 de

98 759 107 789 ,
140 713 350 793 senatumque
372 708 593 776 vehementer
617 714 769 775 emtione
791 731 884 786 mea,
916 726 1013 800 atque

89 822 185 880 ritate
205 817 383 878 commovi.
644 864 647 870 .

89 914 134 981 Γιι
150 916 190 980 ud
205 937 260 979 me
274 913 375 980 velim
395 911 510 976 literas
534 909 687 976 crebrius
705 916 833 978 mittas.
877 915 970 981 Vale.
1024 933 1046 994 5

110 1066 393 1185 urrsroun
431 1106 536 1176 xvt.
586 1105 702 1192 (nn.
746 1107 887 1199 tm.)

262 1274 326 1334 Scr.
341 1270 411 1333 Καὶ.
426 1266 599 1332 innuli.
615 1265 653 1330 C.
669 1273 741 1349 692.

88 1426 101 1489 T.
135 1419 273 1490 Valerio
303 1387 442 1486 Messalu
480 1415 531 1481 M.
567 1406 675 1504 Pupio
711 1408 828 1484 Pisone
862 1420 951 1490 Cois.

88 1584 163 1642 idem
182 1560 359 1659 'promtum
386 1574 528 1652 pecuniae
557 1570 731 1647 petitionem
765 1576 863 1653 odiose
888 1576 1019 1651 diffe'm

88 1696 131 1742 rat
153 1704 180 1745 1.
224 1693 315 1760 rogat
330 1689 363 1737 ut
374 1677 510 1753 sinistros
534 1693 685 1746 rumores,
705 1694 773 1752 quos
788 1677 932 1739 Antonius
946 1678 1019 1744 Ma.

88 1789 167 1845 oniae
187 1804 305 1859 procos.
340 1774 400 1856 fibi
422 1778 578 1853 aspergere
599 1779 735 1850 dicatur,
767 1779 930 1856 diligenter
949 1804 1017 1859 per.

88 1890 140 1944 iat.
162 1907 193 1947 ι.
224 1889 264 1943 de
275 1879 411 1956 Pompeii
426 1880 578 1951 diuortio,
597 1894 630 1953 3.
671 1883 710 1939 de
724 1877 826 1940 Clodii
840 1886 965 1960 incestu,
984 1903 1017 1968 4.

87 1990 119 2046 ie
135 1982 262 2065 Sofithei
279 1983 458 2061 anagnostae
483 1992 581 2040 neom
599 1982 715 2058 scribit.
739 1998 769 2059 5.
991 1978 994 1987 '

216 2160 421 2234 CICERO
464 2152 708 2240 ATTICO,
749 2162 788 2233 S.

87 2317 221 2388 l'eucris
235 2318 292 2384 illa
306 2317 437 2383 lentum
460 2312 535 2378 sane
550 2321 743 2402 negotium:
767 2336 877 2404 neque
891 2319 1018 2386 Corne-

89 2633 119 2690 in
145 2615 277 2708 senatu]
334 2623 389 2685 ubi
414 2622 478 2685 ium
534 2616 594 2684 hoc
623 2627 752 2685 nomine
781 2627 817 2687 C.
847 2628 1021 2691 Antonium

86 2713 229 2799 tgebetur
251 2716 379 2772 Antonii
403 2731 478 2790 pro·
533 2706 822 2790 significaripntent.
846 2714 909 2771 Sed
922 2735 1020 2794 quum

87 2800 122 2861 lic
141 2799 351 2859 Macedoniae
372 2793 477 2865 ceusu,
533 2797 558 2852 it
574 2794 686 2853 deinde
699 2816 731 2852 m
747 2792 805 2854 hec
820 2796 950 2875 epillolu
963 2798 1021 2859 suo

86 2881 478 2960 nnteiinccederemrfflo·
534 2883 663 2937 nornine
695 2880 890 2956 appelletur,
929 2883 1019 2944 nullo

86 2969 182 3030 iuba..
535 2964 635 3022 modo
658 2962 788 3047 intelligi
812 2962 931 3044 potest,
966 2988 1021 3027 cur

86 3050 226 3116 111,va
260 3041 478 3112 1,Teucrisil·
535 3045 1021 3113 eumhicCiceroiictonomine

89 3138 201 3200 Cicero
231 3152 327 3216 quum
349 3133 479 3191 domum
536 3128 747 3214 designaverit.
804 3136 889 3216 Quid
918 3138 1022 3198 enim?

86 3220 148 3283 ullo
162 3222 245 3282 LLS.
255 3221 385 3278 XXXV.
395 3213 480 3273 ernis·
535 3217 568 3274 Si
583 3219 693 3277 Cicero
709 3217 748 3278 nb
759 3238 798 3277 eo
817 3219 955 3282 voluisset
964 3241 1021 3300 po·

85 3307 428 3385 ecumptionispretimn
439 3302 479 3358 de
536 3307 656 3360 cuniam
671 3318 810 3362 mutuam
823 3302 951 3376 sumere,
966 3328 1021 3367 cur

86 3394 155 3453 ibut
166 3390 224 3450 suis
239 3388 358 3448 solvere
367 3383 478 3465 pollet,
536 3381 599 3445 ltoc
612 3392 772 3467 negotium
788 3393 819 3448 in
834 3389 962 3469 epillolu
979 3395 1021 3452 ud

85 3479 144 3538 lum
173 3472 230 3534 fibi
258 3471 381 3531 videbat
405 3474 480 3528 enti·
535 3474 671 3530 Atticum
692 3472 855 3533 involucris
878 3479 1020 3558 tegeret?

85 3582 102 3622 n
120 3558 332 3629 facultatibus,
348 3571 379 3616 et
394 3555 479 3615 unde
536 3555 576 3614 Et
589 3552 612 3613 st
627 3561 779 3617 Antonius
794 3558 858 3636 ipse
876 3559 1020 3626 Ciceroni

85 3651 158 3709 rium
187 3658 329 3703 mutuant
360 3639 480 3699 suniero
535 3647 700 3719 pecuniam
733 3641 880 3716 deberet,
918 3658 1018 3705 mulio

85 3749 112 3804 t,
157 3725 479 3805 circumspiciendum.
536 3729 636 3783 minus
653 3743 734 3793 eret,
756 3749 810 3786 cur
824 3730 864 3786 de
887 3737 951 3789 eiua
966 3750 1021 3807 pe·

86 3819 128 3877 de
156 3813 222 3874 hoc
252 3809 318 3890 ipso
349 3812 479 3890 negotio
537 3812 646 3868 cuniae
660 3815 820 3872 exactione
834 3811 1021 3893 loquuturus

85 3908 103 3986 gi
117 3900 243 3962 nullum
259 3896 404 3967 dubium,
428 3893 481 3952 sed
540 3915 646 3952 verum
660 3896 788 3955 Antonii
809 3919 926 3958 nomen
942 3895 1021 3955 dilli-

102 3984 140 4046 srt
162 3985 296 4043 Teucris
328 3981 400 4049 illu,
431 3999 482 4038 nn·
538 3980 680 4041 muleret.
710 3979 863 4038 Erneslius
879 3984 1021 4061 quidem:

84 4067 224 4156 quaestio
240 4063 293 4128 est.
337 4067 415 4124 Sunt
429 4067 485 4144 qui
538 4060 677 4139 fatiscis,
699 4067 811 4147 inquit,
827 4065 1023 4148 intelligilto·
1047 4132 1049 4137 ,

84 4228 86 4237 .
109 4190 187 4256 npp.
211 4185 287 4239 rom.
307 4179 329 4230 1.
865 4160 917 4259 ..D
