2506 4808
160 305 206 370 6ο
430 294 713 367 EPI'STOLA
755 300 804 370 C·
848 300 920 369 CI.

163 490 204 559 iit
224 486 416 563 restitutus,
438 484 606 552 desertum
623 485 675 561 se,
691 499 792 572 atque
812 492 981 555 abiectum
1000 491 1105 565 fore,
1124 512 1213 578 pru.¹

165 590 331 659 ficiscatur
351 590 394 654 ad
415 603 462 653 te.
505 587 609 678 Quod
629 585 695 653 fine
718 589 785 655 ulla
805 591 1036 665 dubitatione,
1061 583 1204 673 siPom·

163 699 262 782 peius
292 689 443 779 paullum
465 689 569 753 modo
591 688 779 755 ostenderit
805 689 865 757 fibi
889 692 1045 780 placere,
1085 676 1204 759 faciet.

164 795 237 862 Sed
253 791 339 859 nosti
355 789 501 856 hominis
517 789 731 864 tarditatem,
751 802 786 855 et
807 798 1089 858 taciturnitatem.
1130 793 1203 860 Nos

164 909 281 963 tamen
294 891 397 965 nihil,
413 890 506 974 quod
528 889 570 953 ad
591 913 664 955 eam
684 915 759 959 rem
776 900 962 981 pertineat,
982 900 1218 980 praetermit-

163 1010 290 1063 temus.
333 995 467 1060 Ceteris
492 995 644 1066 iniuriis,
662 1015 746 1077 quae
762 993 950 1082 propositae
968 993 1046 1060 sunt
1060 1017 1081 1060 a
1101 996 1204 1063 Cato·

164 1121 228 1173 ne,
252 1094 367 1169 facile,
395 1109 434 1160 ut
455 1094 567 1182 spero,
588 1090 785 1161 resistemus.
829 1094 992 1162 Amicum
1016 1119 1061 1160 ex
1082 1097 1205 1165 consu·

164 1199 295 1266 laribus
313 1200 485 1260 neminem
505 1195 568 1258 tibi
589 1193 653 1261 elle
668 1197 790 1271 video,
808 1210 948 1284 praeter
960 1195 1203 1273 Hortensium,

166 1312 202 1365 et
218 1296 414 1363 Lucullum:
436 1301 542 1360 ceteri
557 1293 633 1360 sunt
647 1303 772 1387 partim
790 1296 966 1363 obscurius
980 1303 1110 1382 iniqui,
1129 1320 1204 1391 parf

164 1405 229 1473 tim
254 1419 326 1490 non
355 1392 596 1462 disfimulnnter
625 1403 711 1462 irati.
776 1396 836 1464 Tu
862 1398 915 1465 iac
945 1405 1059 1467 animo
1096 1400 1202 1475 forti,

163 1518 358 1585 magnoque
383 1495 442 1563 sis:
490 1499 687 1586 speresque,
719 1499 811 1573 fore,
846 1513 901 1574 ut,
936 1500 1046 1567 sracto
1064 1488 1204 1589 impetu

164 1597 317 1668 levissimi
337 1597 503 1676 hominis,
534 1613 627 1664 tuam
646 1598 818 1688 pristinam
839 1601 1055 1689 dignitatem,
1075 1615 1115 1668 et
1132 1600 1203 1691 glo·

165 1707 253 1769 riam
275 1699 487 1787 consequare.

287 1906 566 1983 EPISTOLA
591 1912 657 1983 Cl.
705 1904 789 2000 (ad
822 1905 921 1984 Dlv.
954 1914 987 1981 Ι.
1016 1910 1074 1998 6.)

332 2073 670 2137 autumnando
693 2075 765 2156 697.
786 2073 1030 2137 meascManio.

167 2224 326 2290 Lentulum
346 2228 381 2283 ob
399 2229 520 2284 tardum
539 2227 640 2304 causae
658 2230 763 2306 regiae
788 2227 974 2304 progressum
1001 2227 1131 2299 partim
1143 2224 1199 2305 spe

190 2330 367 2403 domiuum,
382 2328 436 2410 qui
449 2348 515 2386 eum
528 2329 701 2404 impediant,
724 2331 943 2406 improbitatem
958 2327 1107 2400 vincendi,
1126 2349 1200 2406 par·

206 2433 263 2507 tim
285 2433 342 2510 suc
367 2434 504 2508 exemplo
528 2431 706 2508 consolatur.

164 2611 215 2727 lll-
231 2610 279 2678 T.
296 2610 549 2678 CICEROP.
568 2606 1075 2678 LENTULOPROCOS.
1092 2609 1135 2677 S.
1152 2611 1199 2679 D.

269 2763 365 2852 Quae
389 2775 570 2849 gerantur,
591 2768 736 2851 accipies
760 2785 803 2827 ex
817 2761 985 2827 Pollione:
1012 2769 1070 2846 qui
1090 2774 1201 2833 omni-

163 2868 230 2932 bus
245 2868 392 2952 negotiis
408 2885 479 2928 non
491 2867 645 2932 interluit
664 2865 788 2937 solum,
808 2862 865 2927 sed
880 2863 1033 2950 praefuit.
1077 2866 1141 2933 Me
1162 2876 1199 2936 in

545 3032 814 3048 ψ

213 3135 509 3222 praetermittimus]
566 3137 651 3199 Nihil
748 3136 887 3213 leviffimi
914 3134 1062 3221 hominis]
1099 3139 1200 3204 Cato.

160 3239 244 3306 'opus
267 3244 336 3283 cum
350 3221 489 3285 Ernestio
506 3223 651 3298 rescribe·
706 3225 752 3283 nia
767 3223 808 3281 ad
827 3242 952 3283 omnem
972 3229 1116 3284 iniuriam
1133 3231 1199 3289 ani-

160 3329 198 3370 η
214 3312 485 3385 praeterunttemus
500 3307 553 3371 etsi
574 3329 650 3389 pau·
705 3311 748 3366 mi
762 3306 887 3367 levitate
900 3313 1048 3388 prompti.

160 3392 195 3454 lo
221 3392 291 3473 post
319 3392 455 3476 sequitur
477 3399 651 3473 resistamus.
747 3393 924 3475 pristinam]
950 3414 1031 3474 quae
1048 3394 1197 3459 scitante

160 3479 226 3539 Sed
260 3477 349 3538 huius
385 3479 444 3541 asia
481 3480 524 3542 est
553 3483 650 3539 entio.
706 3478 938 3561 promulgatam
955 3481 1083 3539 Catonia
1101 3502 1198 3565 roga·

160 3559 433 3626 Praetermirrimus
447 3565 651 3626 -consirmita-
706 3564 844 3634 tionem,
878 3580 1048 3643 propterea
1073 3563 1199 3628 subina-

71 3700 73 3704 .
159 3664 225 3711 tam
238 3655 387 3729 temporis
401 3648 568 3731 praesentis
579 3668 651 3710 cum
705 3650 749 3706 xit
774 3651 964 3725 consequare,
998 3663 1034 3708 ut
1057 3650 1198 3724 amissam

158 3735 268 3797 muro
284 3738 441 3796 coniuncti
459 3731 606 3817 designat.
657 3779 660 3783 v
705 3730 810 3812 aliqua
831 3749 992 3812 exparte,
1012 3749 1043 3792 et
1057 3737 1200 3800 indiscri-

202 3823 308 3878 cereris
329 3819 469 3900 iniuriis]
491 3822 657 3902 rogationi·
704 3837 778 3876 men
800 3818 975 3878 adductam.
1018 3814 1141 3880 Manat.
1206 3883 1210 3892 ¹

55 3920 57 3925 ’
159 3924 182 3966 ι
201 3906 326 3967 Catone
346 3903 415 3966 trib.
438 3905 481 3982 ps.
505 3902 650 3985 propofi·
745 3901 905 3981 Epistol.
935 3924 1056 3978 nquam
1070 3910 1196 3981 measa.

158 4004 212 4051 aaa
231 3989 273 4049 da
291 3992 427 4070 imperio
437 3990 573 4052 mutulo
594 3989 650 4053 ab·
705 3988 751 4045 tus
771 3986 890 4058 afflicta
910 3986 972 4070 est]
1004 3988 1103 4049 Recte
1123 3993 1199 4072 post

159 4076 323 4162 roganda..
417 4120 420 4125 .
647 4125 663 4132 ..
706 4072 881 4155 Graeciam.
896 4069 1051 4168 Ernestiua
1073 4076 1214 4153 addidit,
