2506 4808
353 319 639 392 EPISTOEA
661 384 664 389 .
683 322 803 391 emt

1050 318 1096 410 ia

179 502 182 506 ’
232 507 496 577 araneus
526 508 570 599 Q.
597 506 827 581 enarer,
859 506 898 576 s.
951 470 960 537 ἕ

51 743 55 754 ¹
166 661 338 731 Dederam
362 661 402 725 ad
428 674 461 726 te
488 661 603 726 literas
627 673 743 733 antea,
778 661 899 742 quibus
924 673 999 725 erat
1016 660 1095 730 scri·

59 782 177 858 ptum,
207 760 358 829 Tulliam
381 761 528 828 nostram
553 761 737 851 Crasfipedi
761 763 849 849 prid.
879 783 957 825 non.
984 760 1096 850 April.

61 869 127 932 esse
149 864 396 954 desponsatam:
422 875 599 946 ceteraque
616 863 658 925 de
684 884 719 925 re
743 862 879 951 publica
900 869 1097 949 privataque

60 967 330 1056 perscripseram.
373 962 491 1028 Postea
528 962 602 1027 sunt
638 960 720 1025 haec
759 976 842 1027 ncta.
885 962 975 1028 Non.
1007 964 1096 1054 Apr.

60 1071 197 1134 senatus
219 1065 371 1132 consulto
391 1063 550 1151 Pompeio
566 1067 709 1150 pecunia
729 1063 868 1129 decreta
887 1070 924 1130 in
939 1088 1012 1132 rem
1025 1070 1097 1132 sruss

61 1177 263 1236 monterium
277 1168 318 1232 ad
332 1163 417 1230 H-S
436 1183 543 1225 cccc.
612 1196 615 1201 ·

169 1253 241 1336 Sed
255 1269 377 1334 eodem
397 1266 452 1330 die
469 1264 689 1332 vehementer
704 1279 818 1332 actum
840 1268 884 1334 de
899 1290 980 1359 agro
997 1270 1123 1345 Cam-2

447 1456 718 1475 ...κιαι-...ιι

62 1562 182 1640 sionem
202 1567 234 1622 in
253 1577 394 1622 montem
419 1556 552 1630 socrum,

63 1645 186 1728 etpost
207 1664 363 1708 certamen
384 1645 424 1703 de
445 1642 521 1702 cons
539 1674 553 1688 ·

62 1733 129 1792 latu
163 1753 232 1791 cum
262 1731 356 1813 plebe
383 1730 554 1789 communi·

64 1818 166 1878 cendo
177 1817 298 1886 adiecti,
314 1811 488 1875 credibilius
499 1809 552 1876 est,

64 1919 97 1961 et
119 1900 217 1961 verbis
236 1903 412 1969 Ciceronis,
436 1898 485 1970 qui
502 1897 553 1951 lm-

62 1992 166 2044 bentnr
191 1987 342 2063 religiosi,
374 1980 482 2066 melius
505 1998 553 2040 re·

61 2070 206 2153 spondet.

108 2154 200 2235 Epist.
224 2154 305 2214 CIII.
353 2174 379 2211 r.
412 2155 553 2209 dederam

64 2243 106 2299 od
127 2252 156 2297 te
177 2241 279 2297 literas
302 2237 410 2320 antea]
435 2238 497 2317 hee«
518 2238 555 2296 ti·

64 2343 152 2386 torae
181 2326 222 2384 de
248 2324 353 2388 Tullia
382 2321 555 2400 Crassipedi

64 2409 215 2489 desponsa
239 2430 304 2468 non
327 2405 450 2470 exstant.
479 2409 554 2466 Non

63 2502 147 2558 enim
172 2497 212 2554 de
231 2498 370 2573 proxima
395 2492 554 2572 superiore

65 2578 194 2661 epistole
218 2579 290 2638 licet
310 2576 497 2660 intelligere,
521 2581 554 2636 in

66 2687 129 2744 qua
151 2659 282 2741 scripsit:
296 2664 387 2737 spero
412 2682 463 2719 nos
489 2682 554 2718 cum

16 2745 17 2748 Ἴ
69 2748 240 2825 Craffi'pede
270 2747 432 2822 corrfecisse.
478 2747 554 2825 Qui·

65 2836 123 2895 bus
151 2837 250 2893 verbis
279 2853 344 2893 non
373 2831 552 2910 desponsam

67 2918 283 2980 esse'Tulliarn
305 2915 468 2999 fignificat,
498 2915 554 2977 sed

65 3005 191 3083 sperare
215 3003 245 3063 se
265 3004 420 3075 suturunr,
444 3016 478 3059 ut
502 3001 555 3058 do-

64 3089 266 3170 spondeatur.
333 3086 423 3146 adde
466 3084 554 3144 issud.

65 3178 188 3234 Literae
213 3174 253 3232 de
278 3170 380 3229 Tullia
405 3167 556 3248 desponsa

67 3262 159 3319 datae
184 3257 249 3318 sunt
267 3257 368 3335 pridie
388 3275 461 3314 non.
479 3259 570 3332 sipr.¹

66 3344 129 3405 lroc
145 3341 231 3402 estin
246 3341 323 3420 ipso,
342 3360 407 3419 qno
424 3337 555 3417 despon-

66 3430 97 3491 sa
120 3426 180 3496 est,
216 3428 275 3486 die.
336 3428 417 3482 Nam
444 3428 476 3481 in
498 3421 556 3483 hec

68 3512 221 3594 epistola,
265 3530 346 3590 quae
377 3505 446 3588 post
474 3508 556 3585 prid.

67 3619 143 3659 non.
162 3607 234 3677 Apr.
260 3611 328 3654 acta
355 3591 427 3662 sint,
456 3591 557 3670 perse·

69 3687 182 3762 quitur.
228 3683 269 3739 At
290 3684 445 3758 proximas
469 3676 557 3756 supe·

67 3773 166 3827 riores
182 3771 248 3846 quis
265 3765 371 3829 credat
387 3761 467 3841 prid.
481 3781 557 3823 non.

68 3857 147 3931 Apr.
173 3854 277 3920 datas,
304 3869 400 3928 quum
424 3847 463 3906 de
486 3850 558 3906 Sex-

67 3941 114 3997 tio
140 3935 192 3995 111.
222 3936 262 3995 id.
285 3936 378 3992 Mart.
416 3929 557 3992 absoluto

67 4019 237 4101 significet?
267 4038 348 4077 eone
368 4037 467 4095 usque
493 4033 559 4074 tan·

67 4122 133 4166 tem
154 4125 238 4178 rem,
269 4119 333 4164 tarn
354 4101 562 4182 exspectatum

611 1559 742 1639 Quintio
766 1557 944 1624 distuliss‘et?
976 1562 1099 1628 Postre-

610 1664 663 1703 mo
672 1685 680 1712 ,
704 1665 798 1725 quum
813 1643 863 1706 hic
877 1649 960 1708 dicat
974 1642 1097 1725 Cicero,

609 1727 640 1788 se
663 1725 805 1808 scripsisse
826 1733 857 1791 in
878 1737 914 1792 iis
936 1733 1030 1794 literis
1056 1737 1097 1797 de

608 1832 644 1872 re
655 1816 771 1886 publica
786 1829 818 1873 et
830 1819 949 1894 privata
956 1860 966 1890 ,
989 1817 1052 1880 hoc
1064 1824 1098 1882 iu

607 1896 782 1976 superiores
804 1898 907 1961 literae
928 1922 995 1964 non
1023 1925 1098 1966 con·

609 1987 732 2053 venire,
755 1981 824 2044 satie
841 2002 934 2064 patet.
958 1989 1096 2050 Verbum

610 2072 691 2125 enim
715 2068 755 2127 de
777 2089 811 2126 re
832 2070 956 2148 publica
977 2073 1100 2138 nullum

609 2152 733 2231 prorsus
752 2151 875 2213 habent.
920 2150 1040 2216 Manus.

654 2236 752 2319 cccc]
776 2239 873 2298 Recte
888 2242 1044 2303 Victorius
1068 2259 1100 2304 et

609 2321 783 2401 Masaspine
797 2320 837 2382 fic
847 2324 1019 2386 ediderunt.
1030 2330 1101 2386 Ma·

609 2407 1100 2472 nutiilectionemenimMCCCC

610 2495 642 2550 in
676 2491 972 2554 nussisMSCtorum
1006 2496 1101 2556 libro·

610 2597 679 2635 rum
712 2581 902 2638 invenerant.
958 2581 997 2640 Et
1026 2577 1101 2644 esset

610 2661 682 2720 sane
695 2665 835 2722 immanis
850 2670 1002 2742 pecuniae
1023 2665 1101 2724 sum·

610 2767 671 2804 me.
717 2766 795 2806 cccc
826 2763 929 2808 autem
960 2749 1027 2810 sunt
1057 2749 1101 2810 se·

609 2828 745 2891 stertium
762 2833 1023 2914 quadringenties,
1040 2839 1060 2894 i.
1073 2857 1102 2897 e.

612 2914 863 3000 quadringenties
883 2935 1014 2980 centena
1034 2921 1102 2982 rnil-

610 2998 662 3060 lia.

655 3105 683 3144 2.
718 3087 756 3143 de
801 3109 877 3164 agro
926 3083 1101 3174 Campano]

614 3170 720 3249 Quum
749 3174 830 3230 enim
859 3177 925 3255 agri
950 3177 1102 3254 Campani

612 3270 753 3334 partein,
778 3256 864 3334 plebi
885 3258 1101 3333 dividendam,

612 3344 673 3398 emi
697 3361 713 3399 a
739 3345 864 3418 privatis
891 3350 1023 3424 pecunie
1045 3365 1104 3426 pu·

613 3423 690 3484 blica
708 3423 836 3497 Caesar,
857 3427 929 3509 sege
944 3427 1025 3499 lata,
1048 3433 1104 3489 vo·

612 3506 722 3580 luisset,
739 3530 799 3570 nec
812 3518 942 3590 pecnnia
961 3511 1104 3594 suppete-

612 3611 678 3666 ret,
707 3595 823 3654 snctum
846 3594 888 3654 esi
909 3599 1024 3659 SCturn
1046 3619 1105 3658 noa

613 3684 660 3738 nis
679 3683 753 3758 Apr.
773 3685 804 3738 in
819 3678 1000 3742 sententiam
1018 3684 1105 3742 Cice·
1207 3668 1211 3677 ¹

613 3767 715 3833 ronis,
740 3780 775 3822 ut
792 3767 832 3824 de
847 3786 924 3847 egro
940 3770 1105 3845 Campano

614 3847 715 3906 idibus
732 3849 808 3909 Maii
828 3851 984 3930 srequenti
1000 3851 1107 3922 senatu

614 3934 792 3993 referretur.
859 3937 918 4013 Ep.
941 3935 963 3996 I.
996 3955 1025 4014 9.
1066 3937 1107 3998 ad

616 4017 686 4166 Igaiv.
722 4016 831 4092 (huius
859 4020 909 4082 ed.
946 4039 996 4099 ep.
1016 4022 1108 4100 139.)
1203 4039 1206 4043 ’

657 4111 754 4163 aaut..
817 4152 822 4161 .

944 4200 1016 4266 Ea
