2506 4808
129 330 194 405 234
360 310 646 384 EPISTOLA
695 312 929 382 CXLVIII.

129 507 305 575 laudarim.
348 501 450 593 Quod
470 506 533 568 tibi
548 514 587 567 ut
600 500 733 589 planias
750 524 937 591 exponam,
956 501 1060 567 altius
1076 502 1167 589 paul·

130 610 166 676 lo
183 614 346 673 rationem
365 603 579 670 consiliorum
595 626 751 671 meorum
768 618 937 692 repetam,
956 603 1094 669 necesse
1109 602 1144 667 es
1157 648 1165 664 .

100 726 135 792 3-
237 711 310 796 Ego
328 728 400 779 me,
422 705 583 779 Lentule,
600 711 698 771 initio
714 726 848 782 rerum,
865 720 968 792 etque
991 710 1168 770 actionum

130 827 284 883 tuarum,
305 830 374 872 non
397 805 503 871 solum
525 811 627 880 meis,
647 805 705 871 sed
720 813 820 872 etiam
836 808 1060 896 reipublicae
1075 805 1167 871 resti·

131 927 245 982 tutum
266 912 440 998 putabam:
463 918 513 979 et,
535 913 693 989 qnoniam
719 911 782 975 tibi
802 909 1040 975 incredibilem
1065 929 1166 993 quen·

133 1018 212 1082 dam
229 1031 396 1081 amorem,
419 1020 454 1070 et
470 1014 582 1071 omnia
603 1015 637 1072 in
660 1022 695 1073 to
713 1009 818 1098 ipsum
835 1009 980 1085 summa,
1001 1031 1043 1075 ac
1058 1008 1164 1098 singu·

129 1117 213 1185 laria
227 1113 333 1179 studia
348 1111 524 1182 deberem,
543 1115 590 1172 rei
605 1111 778 1199 publicae,
800 1132 884 1196 quae
900 1125 934 1177 te
947 1118 985 1177 in
998 1135 1057 1177 me
1078 1111 1166 1176 resti·

131 1216 261 1284 tuendo
284 1211 426 1277 multum
442 1208 629 1286 adiuvisset,
649 1235 728 1279 eum
743 1224 837 1278 certe
851 1234 907 1277 me
924 1219 1080 1279 animum
1099 1234 1165 1277 me

131 1324 200 1384 rito
213 1313 314 1403 ipsius
330 1313 456 1375 debere
470 1314 675 1389 arbitrabar,
697 1311 802 1399 quem
812 1327 911 1383 autea
924 1315 1165 1381 tantummodo

133 1420 305 1485 communi
329 1410 441 1477 officio
464 1416 605 1487 civium,
628 1437 698 1481 non
712 1415 822 1504 aliquo
838 1437 916 1504 erga
930 1439 988 1482 me
1008 1415 1169 1504 singulari

130 1514 298 1584 beneficio
314 1513 465 1578 debitum
482 1511 722 1601 praestitissem.
764 1515 838 1580 Hac
852 1538 906 1580 me
922 1531 1044 1584 mente
1062 1518 1168 1593 fuisse,

93 1690 95 1695 ,
132 1632 168 1685 et
189 1619 321 1682 senatus
339 1635 382 1679 ex
403 1635 476 1686 me,
492 1626 528 1679 te
543 1614 699 1689 consule,
719 1618 860 1691 audivit,
882 1629 919 1681 et
933 1629 973 1682 tu
988 1623 1029 1684 in
1043 1620 1166 1686 nostu's

132 1720 363 1790 sermonibus,
386 1713 736 1800 collocutionibusque
757 1717 824 1806 ipse
843 1717 964 1785 vidisti.
993 1719 1082 1784 ·Etsi
1102 1727 1168 1786 iam

130 1825 252 1916 prImis
276 1817 489 1907 temporibus
515 1815 600 1891 illis,
630 1815 743 1883 multis
768 1822 869 1884 rebus
892 1842 991 1888 meus
1015 1823 1169 1894 offende-

131 1925 234 1988 batur
258 1926 407 1987 animus:
432 1939 554 2000 quum,
572 1930 607 1985 te
628 1930 749 2005 agente
771 1919 813 1984 de
835 1918 966 2007 reliqua
985 1924 1106 2011 nostra
1122 1926 1169 1991 di·

131 2031 278 2113 gnitate,
300 2036 357 2091 aut
373 2020 509 2090 occulta
521 2018 764 2087 nonnullorum
776 2019 869 2097 odia,
890 2035 948 2090 aut
970 2022 1121 2093 obscura
1134 2033 1167 2094 in

131 2395 212 2461 sicat.
254 2397 396 2458 Valerius
410 2397 484 2456 Max
505 2395 620 2457 nutv.
672 2400 706 2456 in
736 2398 827 2473 ipsum
847 2397 1039 2478 Lentulum,
1080 2419 1113 2466 et
1136 2409 1168 2466 iu

131 2504 160 2545 c.
177 2504 207 2543 a.
250 2484 364 2543 Cicero
392 2480 425 2544 P.
453 2478 619 2551 Vatinium,
674 2485 910 2558 rempublicam.

133 2570 278 2648 dignitati
278 2571 350 2644 suae
358 2569 475 2644 semper
484 2567 621 2641 infestum
695 2567 942 2653 nonnullorum]
965 2588 1093 2644 eorum,
1115 2576 1166 2654 qui

131 2658 243 2713 duobus
260 2656 381 2727 publicis
403 2654 520 2712 iudiciis
540 2661 617 2709 tuta·
674 2651 715 2712 de
729 2654 831 2713 reditu
845 2657 910 2714 eius
923 2653 1165 2727 laboraverant:

127 2750 181 2798 dus
195 2740 293 2814 est-
326 2734 446 2797 Manat.
674 2757 756 2818 quoa
777 2740 820 2798 ita
844 2737 980 2799 offendit
1002 2740 1164 2803 Cineronia
1252 2811 1253 2818 ἵ

176 2808 356 2910 laudarsm]
408 2821 620 2884 defendebant
674 2842 744 2883 cum
771 2822 987 2902 Pompeioet
1014 2825 1162 2899 Caesare,

132 2912 362 2988 reospetroni,
386 2907 553 2968 laudabant
564 2912 621 2967 viri
673 2907 776 2967 multis
803 2906 895 2968 rebus
923 2906 1087 2972 declarata
1115 2931 1160 2971 re-

129 2992 272 3067 nobilee,
286 3007 329 3052 ‘ut
353 3012 462 3052 eornm
485 2997 620 3052 auctori-
674 2992 848 3052 conciliatio
857 3006 924 3066 ,nt
938 2992 991 3052 alii
1003 2994 1159 3075 pristinum

129 3088 180 3140 'tna
215 3097 251 3138 ne
288 3076 510 3138 testimonium
534 3075 619 3160 quasi
673 3075 805 3137 studium
819 3080 1162 3160 magnaexparte'de·

127 3164 370 3224 ‘nommendnret
386 3184 440 3222 eor
459 3163 618 3225 iudicibus.
672 3158 850 3241 posuerint,
873 3161 924 3222 alii
940 3163 1055 3225 odium
1074 3169 1164 3226 etiam

132 3247 233 3310 Paulo
269 3245 356 3327 post:
398 3250 524 3308 Sedenre
563 3245 618 3307 Gn.
674 3244 816 3308 adversus
846 3247 1038 3308 Ciceronem·
1057 3248 1164 3317 susce-

134 3327 276 3408 Pompeio
291 3353 376 3409 quum
393 3343 424 3390 ut
440 3329 618 3392 [arcannii.
673 3335 785 3411 perint.
828 3330 936 3412 Quum
955 3335 1040 3393 enim
1056 3333 1164 3419 gravis·

136 3413 290 3490 Sexn'um,
310 3419 454 3495 iniroiffet
469 3421 498 3476 in
510 3422 617 3476 urbem.
674 3414 782 3475 fimum
819 3431 852 3476 et
878 3421 1068 3479 acerrimum
1100 3426 1163 3482 eiua

127 3502 172 3564 Et
196 3504 239 3562 M.
264 3505 430 3575 Scaurum,
453 3523 545 3582 quern
570 3505 620 3565 ci·
674 3504 829 3561 inimicum
853 3501 887 3562 P.
912 3501 1065 3564 Clodium
1103 3526 1165 3565 am·

127 3607 209 3650 nero
234 3586 390 3659 defendit,
423 3587 621 3647 leudnrnrna
673 3586 873 3666 plorarentur
886 3629 898 3660 ,
951 3589 986 3647 in
1020 3591 1164 3652 manibus

126 3691 247 3734 'novem
264 3670 471 3732 consularibus
486 3675 518 3730 in
528 3669 621 3732 Asco·
676 3669 846 3743 haberent,
889 3671 1057 3746 soverent,
1098 3675 1165 3756 ipso

125 3762 189 3822 nio
211 3757 351 3839 legimus.
394 3753 514 3815 Manat.
672 3754 834 3836 praesente
860 3753 1095 3834 oscularentur,
1121 3783 1167 3820 ar-

125 3872 130 3882 ·
177 3845 204 3907 3.
229 3844 373 3900 ωηηίαἰη
389 3843 524 3916 seipfinn
540 3843 622 3916 sum·
675 3854 825 3925 gumento
856 3840 891 3900 its
921 3842 1055 3920 quidem
1082 3866 1167 3920 erat,

134 3925 206 4010 ma]
243 3927 335 4003 ipsum
354 3925 430 3986 mihi
449 3925 621 4006 suspectum
675 3927 860 3987 Ciceronem
875 3927 917 3983 eis
932 3924 997 3986 esse
1010 3929 1094 3992 odio
1102 3974 1113 4005 ,
1134 3933 1171 3993 li·

135 4009 195 4079 esi:
231 4013 323 4095 friget
355 4027 447 4073 certe.
493 4008 621 4085 Ernesti.
674 4025 725 4071 eet
739 4010 916 4090 palamnon
929 4010 1172 4088 profiterentur.

134 4093 199 4159 Nisi
208 4097 293 4159 sorte
307 4111 515 4183 opponuntur
522 4094 622 4159 studia
673 4097 742 4158 Nee
754 4095 884 4156 dubium
902 4091 947 4159 ess
961 4096 1129 4171 Catonern
1142 4120 1174 4175 et
