2506 4808
296 305 590 410 narsuoun
641 305 892 413 excurru-

1041 326 1103 402 24⁷

62 520 141 564 num
168 495 344 574 sententiis
367 493 549 567 assecutum
585 499 642 577 qui
665 497 791 577 (quum
813 495 971 560 tribunus
987 496 1101 582 ¹plebis

61 620 192 688 poenus
211 619 229 660 a
248 597 402 664 seditioso
420 603 483 662 civi
496 620 560 684 per
573 600 683 662 bonos
700 603 790 661 viros
806 596 934 663 iudicio
948 597 1102 682 persequi

63 699 190 782 vellet)
214 699 407 786 exemplum
429 696 724 787 praeclarissimum
747 704 783 762 in
807 697 979 786 posterum
995 701 1099 764 vindi·

62 801 191 865 candae
213 799 384 864 [editionis
407 801 449 864 de
470 818 507 863 re
530 799 665 888 publicu
684 799 903 879 sustulerunt3
925 797 1098 883 iidemque

62 901 177 991 postea
199 923 272 966 non
296 923 411 966 mcum
433 912 713 976 monumentum,
736 936 777 950 -
804 923 875 965 non
898 901 997 962 enim⁴
1019 899 1098 980 illue

442 1125 715 1140 *m—

61 1302 123 1344 una
161 1284 195 1343 vi
228 1297 392 1342 contentus
432 1284 550 1360 quievit

62 1368 210 1438 Clodius,
252 1365 321 1437 sed,
363 1365 448 1425 sexto
478 1363 550 1444 post

62 1455 130 1525 die,
159 1472 230 1511 cum
257 1449 430 1530 lapidibus,
465 1447 549 1509 iusti·

60 1537 135 1609 bus,
163 1536 271 1618 gladiis
295 1537 340 1595 Μ.
363 1536 549 1594 Ciceronem

59 1622 212 1682 insecutus
242 1619 300 1688 est:
332 1619 472 1700 sequenti
495 1640 549 1679 au·

61 1723 124 1767 tem
140 1707 191 1765 die
203 1706 331 1766 Milonis
348 1705 477 1765 domum
498 1724 547 1763 ex-

60 1811 219 1874 pugnare,
256 1805 288 1850 et
314 1789 480 1849 incendere
504 1792 548 1849 ita

62 1893 192 1935 conotus
210 1870 271 1946 est,
294 1891 329 1932 ut
351 1872 455 1953 palam
477 1895 548 1933 cum

59 1958 149 2020 scutis
172 1959 312 2018 homiues
336 1958 454 2018 eductis
482 1957 549 2042 gla-

60 2047 144 2118 diis,
156 2045 230 2105 alios
246 2064 314 2103 cum
330 2038 460 2104 accensis
474 2045 548 2103 iaci·

59 2129 118 2190 bus
154 2129 333 2205 adduxerit;
375 2141 547 2208 propterea

58 2215 140 2276 Milo
168 2213 307 2275 tribunus
337 2211 437 2293 piebis
476 2234 547 2274 eum

59 2300 99 2359 de
121 2303 150 2358 vi
180 2297 338 2359 accusavit.
381 2296 444 2357 Sed
468 2297 547 2358 iudi·

61 2389 158 2455 cium,
197 2403 296 2463 opera
316 2382 438 2454 Clodii,
468 2388 547 2444 eius-

61 2490 124 2548 que
146 2472 335 2540 amicorum,
376 2487 477 2546 usque
504 2487 545 2528 eo

59 2551 245 2632 perductum
260 2549 319 2619 est,
342 2551 445 2615 donec
461 2550 545 2611 habi-

60 2642 97 2697 tis
112 2637 260 2696 aediliciis
274 2641 405 2696 comitiis
415 2634 545 2699 Clodius

60 2722 166 2783 aedilis
187 2737 307 2783 creatus
337 2725 368 2783 in
397 2721 545 2782 iudicium

59 2811 164 2867 vocari
193 2827 259 2867 uon
290 2812 404 2887 potuit.
470 2808 546 2866 Non

58 2898 140 2952 enim
153 2913 267 2953 vocure
279 2896 311 2952 in
327 2893 473 2950 iudicium
490 2911 545 2952 eos

56 2977 161 3049 licuit,
192 2980 246 3058 qui
265 2973 474 3059 magistratum
496 2995 547 3058 ge·

58 3061 177 3123 rebant.
221 3062 294 3122 Hoc
324 3065 418 3142 igitur
446 3063 547 3141 queri·

59 3161 110 3205 tur
119 3149 247 3215 Cicero,
270 3161 302 3204 et
316 3150 383 3205 iure
397 3149 547 3226 queritur,

59 3233 165 3311 quod,
185 3251 280 3312 quum
294 3246 438 3313 ageretur
453 3235 485 3290 in
504 3229 548 3290 ie·

57 3334 151 3386 natu,
193 3333 296 3375 utrum
325 3332 396 3374 ante
423 3319 548 3380 comitia

58 3403 205 3461 iudicium
224 3399 327 3470 lieret,
342 3401 547 3479 (quodMilo,

59 3487 189 3559 Cicero,
213 3506 272 3545 nec
292 3489 385 3565 pauci
410 3500 549 3564 praeter·

60 3590 116 3641 ce,
147 3569 228 3630 bene
255 3570 294 3629 de
314 3591 348 3630 rc
370 3570 458 3649 publ.
484 3568 547 3629 seu·

60 3658 180 3724 tientes,
195 3655 399 3734 exoptabant)
413 3675 450 3714 au
462 3653 548 3734 quod

60 3739 189 3798 Clodius
213 3744 342 3820 eiusque
369 3742 463 3799 iactio
489 3760 548 3818 poe

59 3821 210 3891 liniebat,
255 3840 289 3882 ut
324 3828 450 3885 comitia
476 3839 549 3884 ante

60 3908 207 3966 iudicium
234 3905 439 3981 haberentur,
482 3929 548 3988 quo

60 3988 173 4071 pollet,
184 3991 392 4073 magistratum
406 3994 548 4072 adeptus,

59 4097 197 4158 poenam
227 4078 406 4161 eiiuge1e3'
428 4077 549 4141 senatus

606 1280 778 1343 consultum
812 1284 927 1345 lactum
960 1281 1015 1356 lit,
1061 1301 1098 1350 ut

605 1364 676 1445 post
690 1372 815 1428 comitia
830 1368 977 1431 iudicium
989 1368 1096 1444 fieret,

604 1457 637 1510 in
658 1451 768 1532 quibus
793 1449 926 1531 pofitam
944 1451 1004 1515 elle
1016 1456 1097 1525 ¹Clo-

605 1537 671 1608 dii,
718 1531 923 1604 nocentillimi
959 1537 1097 1602 hominis

604 1620 752 1694 salutem,
779 1621 892 1684 licebat
910 1623 1096 1706 intelligere.

606 1708 694 1766 Orat.
718 1729 778 1786 pro
803 1709 886 1771 Sext.
914 1730 942 1768 c.
964 1720 1016 1786 44.
1052 1711 1095 1771 de

604 1794 744 1869 provinc.
760 1790 841 1852 cons.
865 1815 890 1852 c.
908 1814 957 1856 ιο.
973 1794 1014 1852 ad
1029 1795 1095 1854 Art.

603 1876 657 1935 Ν·
681 1891 776 1955 eno·
801 1875 850 1951 (h-
874 1877 924 1956 ed·
952 1897 1003 1956 u>-
1018 1880 1094 1959 iu)
1137 1902 1139 1907 ’

605 1959 645 2019 ad
667 1961 706 2039 Q.
729 1963 777 2021 Fr.
800 1961 839 2025 II.
865 1983 891 2024 1.
928 1959 1012 2043 (hui,
1041 1962 1092 2022 ed.

605 2064 654 2123 ep.
668 2048 739 2124 90.)
766 2045 984 2126 impunitatem
998 2048 1094 2128 igitur

605 2129 734 2189 Clodius
757 2126 906 2191 eilecutus
929 2127 989 2204 est,
1017 2133 1094 2211 quit
1122 2167 1129 2173 ··

603 2214 750 2273 iudicium
770 2213 837 2274 fieri
853 2215 894 2274 de
909 2235 967 2287 eo,
991 2214 1095 2283 aedile

605 2316 731 2372 creato,
765 2300 964 2374 nonlicui13
1008 2303 1093 2378 opti·

603 2400 720 2452 uratum
731 2403 805 2445 vero
816 2385 1015 2467 quorundam
1026 2383 1093 2447 len·

603 2473 723 2542 tentiis,
769 2474 841 2549 quia
871 2471 995 2530 comitia
1024 2468 1093 2533 fieri

604 2569 676 2615 ante
697 2554 843 2615 iudicium
859 2553 1040 2619 voluerunt..
1051 2582 1093 2605 ι·

603 2633 723 2698 Manui.
1087 2684 1091 2690 .

604 2781 606 2786 ,
646 2744 737 2804 qrutm
759 2724 888 2780 tribunus
907 2721 1022 2810 plebis]
1041 2722 1093 2791 Se.
1165 2759 1166 2762 ¹

604 2809 695 2868 Milo.
737 2808 773 2868 in
792 2807 998 2869 MsMentel.
1038 2809 1094 2882 ed·

605 2895 703 2952 ditum
720 2886 840 2974 erat'T.
857 2889 979 2965 Annius,
1003 2891 1093 2973 quod

604 2976 720 3059 probat
747 2978 920 3050 Graevius,
968 2982 1019 3038 cui
1044 2982 1096 3041 vix

605 3062 752 3122 credibile
768 3061 887 3121 videtur
902 3082 1019 3124 nomen
1039 3066 1092 3131 tri,-
1113 3099 1116 3104 ι

604 3145 680 3207 buui
700 3167 765 3209 non
789 3167 806 3205 a
827 3148 980 3208 Cicerone
1004 3147 1093 3218 addi·

605 3247 671 3291 tum
694 3229 797 3306 soille,
832 3229 937 3291 sedin
959 3253 993 3290 re
1014 3247 1092 3295 nota
1123 3270 1134 3281 .,

604 3337 670 3376 non
685 3333 751 3375 erat
764 3313 974 3376 neceilarium.
984 3313 1092 3379 Pofito

603 3401 732 3460 Milonis
752 3405 896 3471 nomine,
917 3419 982 3461 non
1004 3400 1094 3460 eddi·

605 3481 693 3544 dillet
708 3486 838 3542 tribunus
851 3488 941 3560 ple·
965 3478 1094 3558 Ernesti·

647 3591 743 3635 ineam
759 3567 998 3650 incitamentum]
1016 3570 1093 3637 Tria
1120 3611 1121 3614 κ

604 3670 805 3716 monumenta
828 3670 954 3733 tresque
980 3672 1093 3712 eorum

604 3739 836 3820 inscriptiones,
881 3742 914 3798 iu
949 3734 1091 3820 singulis,
1119 3776 1124 3783 -

605 3823 741 3906 singulae
760 3824 894 3884 fuerunt.
937 3824 1093 3895 Primum,

605 3916 718 3971 atrium
735 3909 895 3969 Libertatis
909 3911 941 3968 in
955 3912 1019 3966 imo
1036 3907 1095 3966 Pa·
1158 3944 1161 3951 «

605 3993 669 4058 latii
696 3993 789 4065 ioco,
824 3991 943 4054 senatus
966 3992 1094 4056 decreto

608 4076 836 4152 aedificatum„
861 4077 987 4139 locante
1009 4077 1102 4138 Cice-r
