2506 4808
302 297 584 412 namneti
637 338 683 408 ι.

876 336 1011 450 ,ιιι

87 549 105 592 a
125 538 212 603 nos,
211 508 215 523 ⁸
235 534 292 614 qui
314 528 400 594 nihil
421 532 642 598 contemnere
662 525 827 603 solemus,
846 516 917 597 non
935 552 1041 622 per-3

87 632 249 694 :chamus
312 631 498 696 Hominum
522 630 660 716 quidem
690 628 816 694 lumma
839 650 920 720 erga
946 655 1010 700 nos

111 714 404 819 significabantur:
444 733 500 797 led
528 726 665 822 prorsus
688 735 736 795 vit
739 750 776 794 ae
802 733 932 816 taedet3
964 741 1012 802 ite

87 839 183 898 mnia
197 839 348 898 omnium
365 833 571 899 miseriarum
586 830 779 919 plenillitnn
824 833 933 899 Modo
948 835 1012 901 cla*

86 939 306 1010 ἰιιιιιειιιιιιιιε,
328 957 427 1019 quam
444 942 553 1001 oratio
570 931 739 1000 fortiffimi
755 933 855 1008 lenis,
868 932 912 1024 Q.
923 935 1014 1002 Con·
1078 1002 1083 1010 ,

87 1036 283 1101 ἶιεοιιῐιιιιιε
320 1059 374 1109 en,
415 1057 514 1121 quam
536 1035 688 1119 quotidie
707 1041 830 1099 timere
853 1049 1012 1122 potuera-

100 1137 208 1202 lubito
231 1149 351 1210 exorta
375 1137 432 1202 eit.
476 1137 568 1226 Quid
591 1133 750 1218 quaeris?
778 1134 863 1200 nlltil
886 1160 941 1201 me
962 1142 1029 1204 in?

87 1244 199 1306 tatius).
232 1240 281 1304 nil
300 1240 508 1305 fortunatius
530 1235 577 1302 clt
602 1234 744 1310 Catulo,
780 1256 885 1320 quum
906 1239 1012 1330 splen·

353 1494 623 1514 m

87 1667 172 1705 unos
195 1647 341 1728 quinilil
329 1647 364 1731 l]
385 1646 463 1708 Vul-

87 1755 90 1786 t
128 1753 181 1789 nos
219 1744 321 1807 utpote
353 1737 463 1815 qui-

87 1812 295 1884 putealienum
311 1815 363 1889 est,
380 1822 462 1881 vide·

100 1899 191 1962 effes
208 1902 289 1984 glol
288 1919 386 1964 stote
412 1906 461 1964 et·

88 2009 130 2048 ou
142 1987 405 2067 pertimescebam,
418 1993 464 2049 in·

87 2094 171 2154 [uum
195 2073 269 2134 alias
294 2071 369 2134 nihil
388 2093 463 2134 con-

87 2178 114 2216 te
127 2156 253 2218 soleam.

88 2264 105 2300 o
124 2246 238 2300 cladem
254 2239 461 2323 timueramus]

87 2327 171 2407 cripfi
194 2350 252 2408 pro
268 2327 349 2409 vulg.
372 2330 460 2383 modo

87 2418 313 2470 ttimueramus.
350 2411 461 2472 Postea

87 2499 151 2565 licit
167 2520 201 2555 ea
216 2520 307 2579 quam
326 2499 461 2576 quotidie

88 2595 280 2658 potueramus
295 2584 391 2658 subito
408 2605 458 2640 ex·

87 2671 119 2740 (t.
164 2671 222 2728 Hic
249 2673 330 2727 enim
358 2671 460 2726 caedes

93 2753 290 2824 nonhabet,
309 2758 457 2833 quoniam

87 2853 114 2899 tt
134 2858 171 2898 ex
194 2838 351 2898 calumniis
363 2840 460 2898 Vettii

100 2919 235 2983 conflate
244 2968 254 2996 ,
278 2938 308 2982 et
324 2943 403 3002 quos
424 2920 460 2980 il·

105 3006 240 3080 feciffet,
263 3007 400 3068 damnati
418 3005 460 3066 el·

87 3112 139 3153 ton
155 3095 282 3165 caedes,
304 3091 356 3151 sed
371 3094 459 3153 exilia

87 3198 130 3236 tm
163 3185 355 3258 optimorum
385 3197 459 3236 con·

103 3258 216 3336 allent,
261 3282 343 3342 quae
374 3278 458 3322 recte

91 3351 220 3408 civitatis
232 3350 387 3407 nominari
399 3367 458 3447 po·

104 3431 217 3514 ltaque
237 3434 300 3491 Cic.
323 3448 401 3490 oret.
425 3435 458 3490 in

100 3537 124 3577 c.
152 3538 200 3576 to.
234 3522 276 3576 ait
297 3517 457 3576 Vatinium

87 3604 141 3664 ettii
163 3605 289 3661 cuimine
311 3603 343 3660 id
360 3606 456 3660 inten-

87 3700 110 3745 ιι
122 3686 265 3746 Bibulum
281 3688 380 3764 petrin
396 3689 456 3765 pri·

93 3775 114 3830 i.
134 3791 161 3830 e.
190 3786 223 3830 ut
246 3791 316 3829 eum
341 3771 456 3830 conde·

87 3876 107 3913 n
142 3853 278 3916 exsulare
318 3869 455 3937 cogeret.

87 3941 180 3999 {icero
203 3939 232 4001 lt.
248 3939 268 3999 l.
291 3937 454 4024 fignificat,

90 4024 180 4085 edem
203 4045 295 4106 qnam
319 4032 395 4103 reip.
419 4029 456 4084 ti-

87 4125 125 4184 tt,
145 4128 187 4186 ne
200 4110 456 4172 trucidarentura

519 1643 656 1707 caeraris
675 1642 842 1721 militibus,
863 1653 1009 1714 oratione

519 1728 656 1792 Confidti
666 1730 826 1793 discutiam
835 1730 913 1811 elle3
926 1757 1010 1798 nuuc

518 1836 593 1876 vero
605 1818 695 1876 aliam
712 1818 833 1878 cladem
848 1818 949 1881 subito
959 1842 1010 1880 ex·

519 1916 620 1962 ortem
644 1898 721 1974 elle,
752 1917 868 1984 nempe
890 1904 1011 1966 eccela·

519 1991 618 2047 tiones
639 1988 813 2068 proborum
838 2003 869 2048 et
897 1995 1011 2063 civium

519 2092 536 2131 a
558 2070 831 2133 calumniatoribus
853 2079 888 2135 iis
910 2077 1010 2137 imen2

520 2166 615 2229 tetes,
653 2174 687 2216 ut
716 2156 829 2218 scilicet
852 2180 918 2240 quo
941 2166 1009 2223 iure

519 2262 620 2322 quave
641 2246 751 2303 iniuria
774 2244 913 2305 damnati
933 2251 1008 2308 ecl·

517 2344 612 2386 vitute
629 2334 797 2390 eliciantur.
845 2391 849 2398 ,

562 2414 599 2493 Q.
626 2408 778 2494 Confidit']
802 2412 850 2469 Do
876 2433 915 2473 eo
938 2414 1007 2475 Plu.

517 2497 639 2557 terchus
654 2496 730 2558 llaec
744 2511 859 2558 narret.
898 2499 1005 2578 Quum

514 2581 672 2643 senatores
702 2587 735 2642 in
769 2585 884 2640 curiam
914 2589 1004 2662 pauci

517 2672 727 2739 convenirent,
750 2664 911 2727 Conlidius
927 2671 1005 2729 Cae·

515 2750 573 2812 seri
596 2751 715 2811 caulem
734 2753 808 2810 dixit
827 2749 905 2824 atie,
931 2759 1005 2833 quia

515 2837 626 2898 milites
647 2836 727 2896 illius
756 2851 786 2894 et
808 2857 892 2896 arma
918 2845 1005 2899 time·

515 2939 593 2981 rent.
638 2923 696 2980 Cui
723 2919 849 2980 Caesar:
881 2923 945 2982 Cur
964 2939 1004 2985 -ιιι

516 3027 647 3088 quoque
667 3000 709 3066 oli
732 3007 862 3066 eandem
882 3007 1005 3071 eseiam

514 3111 578 3152 non
589 3093 674 3151 domi
690 3108 720 3150 te
737 3093 897 3152 contines?
919 3099 1004 3174 quia,

515 3174 693 3236 Conltdius
685 3180 794 3256 inquit,
806 3175 942 3238 senectus
952 3200 1004 3243 mo

513 3262 587 3320 lacit
606 3264 807 3340 intrepidum
839 3257 960 3326 Manui
1028 3284 1029 3287 ¹

555 3343 747 3427 discufferat]
783 3345 825 3405 Ex
847 3343 1002 3408 hocloco

515 3431 685 3513 colligitur,
701 3429 882 3489 Caesarem'
875 3437 1003 3511 intrepi-

514 3515 553 3574 da
564 3511 700 3575 Confidii
712 3520 1004 3577 orationecommo·

513 3615 578 3659 tum
595 3604 694 3658 mitius
710 3619 802 3680 egere
816 3599 951 3680 coepille
971 3616 1003 3663 et

515 3684 693 3750 aviolentis
715 3681 844 3746 confiliis
862 3687 1003 3767 eliquan-

514 3785 580 3828 tum
613 3766 793 3829 abstinuiile.
854 3772 1001 3830 Ceterum

513 3857 691 3915 concinnius
702 3852 803 3914 tossen
816 3852 1005 3937 legendum:

512 3960 604 4021 quam
625 3941 712 3996 inodo
728 3943 842 3996 cladem
861 3943 999 3997 timuero·

512 4046 593 4097 mus,
614 4046 680 4082 eam
699 4027 845 4082 oratio·
866 4025 1006 4130 discuffe·
1057 4053 1061 4059 ·

511 4119 572 4168 rut.
