2506 4808
113 318 157 386 52
405 296 695 373 EPISTOLA
736 301 851 372 XVI.

113 490 227 558 'totum
252 490 445 557 cuiusmodi
467 488 526 566 fit,
547 492 673 558 mando
697 495 777 566 tibi,
798 505 837 558 ut
858 493 1042 582 perspicias

113 597 250 660 bertum
271 615 336 683 ego
359 591 486 667 habeo,
505 593 582 659 sane
608 618 753 681 nequam
775 594 970 670 hominem,
995 597 1047 663 Hi]

53 734 57 741 ,
113 699 210 770 dico,
232 701 529 769 ratiocinatorem,
550 709 585 759 et
605 697 765 764 clientem
784 711 893 763 tuum.
937 697 994 763 De
1010 722 1047 765 ec

113 797 269 863 Valerius
290 804 460 884 interpres
484 802 634 872 nuntiat,
657 798 863 881 Chiliusque
884 797 916 863 se
932 801 1047 867 audiss

112 902 163 964 bit
177 896 279 963 haec:
300 897 366 963 esse
383 896 558 963 hominem
574 920 651 964 cum
666 900 840 973 Antonio,
861 898 1047 969 Antoniun

112 1022 153 1066 ro
168 1006 205 1065 in
222 1000 387 1087 cogendis
403 1005 558 1088 pecuniis
575 1001 747 1078 dictitare,
768 1014 897 1090 partem
913 1002 999 1070 mihi
1018 1028 1047 1090 qi

112 1114 148 1167 et
171 1123 191 1167 a
212 1122 268 1165 me
292 1099 466 1166 custodem
495 1108 686 1169 communis
716 1102 870 1188 quaestus
896 1103 1046 1172 libertun

109 1201 258 1268 missum.
300 1199 380 1265 Non
403 1200 474 1266 sum
498 1202 718 1268 mediocriter
731 1219 948 1290 commotus;
969 1230 1047 1293 nequ

110 1301 353 1385 meneretsid13
380 1301 435 1367 sed
455 1316 547 1368 certe
566 1303 689 1388 aliquid
711 1304 875 1371 sermonis
894 1308 970 1374 fuit.
1013 1310 1046 1377 T

112 1398 293 1495 investiga,
322 1403 506 1492 cognosce,
537 1403 705 1492 perspice,
745 1418 779 1469 et
800 1407 1008 1476 nebulonem
1035 1420 1046 1478 i

112 1508 136 1574 si
162 1531 229 1595 quo
249 1518 350 1595 pacto
371 1518 491 1594 potes,
520 1528 563 1570 ex
584 1505 654 1571 istis
673 1507 759 1571 locis
779 1529 908 1575 amove.
949 1514 1044 1582 Huiu

111 1616 225 1677 monis
253 1607 407 1673 Valerius
437 1620 612 1672 auctorem
639 1606 705 1673 Gn·
732 1605 905 1676 Plancium
938 1624 1046 1681 nomn

111 1711 241 1780 Mando
262 1712 324 1776 tibi
343 1710 461 1799 plane,
488 1718 621 1784 totum,
652 1709 843 1788 invideas,
879 1721 1046 1784 cuiusmo‹

492 1908 765 1931 m-

106 2051 146 2114 id
174 2049 265 2134 quod
292 2052 325 2113 in
353 2048 484 2113 Antonii
510 2047 600 2112 causa
655 2049 760 2112 Valet.
779 2051 862 2113 Max.
879 2051 933 2114 sib.
944 2052 984 2114 11.
1003 2076 1030 2118 c.

111 2137 231 2198 malurn
264 2134 324 2208 est,
360 2152 392 2196 et
415 2156 458 2198 ne
486 2134 600 2215 poffim
655 2136 689 2194 id
704 2133 792 2196 fuisse
808 2143 852 2197 air
867 2140 1045 2202 obtinendo

86 2232 96 2244 ⁴
112 2228 187 2283 'etam
206 2218 335 2282 honeste
350 2220 531 2294 defendere,
554 2222 601 2281 se·
656 2223 756 2280 vitatis
765 2224 922 2282 iudicium.
933 2224 1042 2303 Quare

112 2310 173 2381 cit,
218 2306 338 2368 recedit
379 2312 473 2368 etiam
519 2303 599 2376 hoc,
657 2304 840 2365 Ciceronem
854 2306 1045 2372 accusabati

111 2408 181 2474 quo
198 2396 299 2453 minna
321 2389 395 2450 mihi
415 2394 510 2452 libeat
527 2407 600 2450 eum
656 2387 705 2450 sua
734 2407 864 2470 praetor
885 2393 1028 2469 Sisiciae,

111 2475 301 2549 defendere,
328 2476 417 2557 quod
439 2474 543 2535 audivi
563 2473 600 2533 il·
656 2473 810 2557 Syracuse
833 2480 867 2535 in
887 2475 995 2538 senatu
1021 2482 1045 2540 G

111 2561 177 2621 lum
187 2562 301 2635 dicere,
310 2567 512 2641 pecuniarum
521 2578 598 2639 quaa
656 2558 779 2620 Graece
797 2560 888 2620 verba
903 2561 1034 2631 fecisset,

110 2645 211 2708 issein
225 2650 386 2727 provincie
402 2659 512 2728 coget,
526 2663 599 2724 par·
654 2642 716 2704 sert
737 2644 849 2706 Cicero
871 2651 938 2707 Act.
955 2646 995 2709 11.
1017 2648 1045 2710 in

109 2730 267 2806 tem'mihi
283 2736 403 2813 quaeri.
653 2746 721 2790 rem
744 2728 833 2789 Orat.
856 2729 911 2791 1v.
958 2730 1045 2809 Casca

159 2810 294 2877 Valerius
320 2811 486 2895 interpres]
537 2812 599 2872 Pu-
703 2808 894 2896 Chisiusque]
951 2821 977 2877 ie
1007 2822 1044 2880 de

110 2914 178 2962 tant
206 2902 334 2984 quidam
361 2895 422 2959 esse
453 2896 536 2957 hunc
562 2898 597 2957 P.
654 2894 747 2976 supra
782 2919 833 2979 ep.
853 2914 883 2972 5.
932 2901 1044 2979 (Arni

111 2985 272 3046 Valerium
281 2986 493 3045 cuiuementio
508 2998 596 3060 epra.
654 2978 778 3038 Manut.

109 3068 163 3130 lib.
188 3071 269 3130 XIV.
292 3069 332 3128 ad
354 3069 416 3128 (Ην.
459 3064 598 3124 Peritum
698 3086 793 3147 neque
810 3077 909 3124 tuanen
924 3074 1044 3130 credidi

110 3152 182 3214 sane
203 3155 380 3237 linguarum
396 3146 484 3212 fuisse
500 3167 598 3227 opor-
654 3164 720 3211 tum
745 3156 844 3210 atroci
866 3153 1022 3215 calumnia

110 3253 174 3311 tet,
197 3243 252 3321 qui
266 3242 298 3299 in
312 3232 419 3297 senatu
437 3238 596 3294 orationes
653 3239 741 3296 nium
757 3256 808 3294 me
822 3235 948 3298 laedere
964 3240 1044 3301 ausu⁴

109 3321 288 3408 legatorum
309 3338 444 3404 peregre
472 3316 596 3377 adveni·
699 3321 822 3395 existis
845 3323 918 3378 locis
938 3347 1044 3385 amour

105 3415 228 3468 ¹entium
235 3413 502 3486 interpretaretur.
518 3402 596 3460 Fue·
653 3398 762 3462 fatrem
779 3403 830 3463 isse
845 3426 955 3467 rumor
972 3431 1044 3472 ever

110 3504 184 3552 runt
198 3492 288 3553 etalii
301 3495 486 3567 interpretes
499 3487 530 3545 in
542 3505 594 3546 eo·
653 3506 708 3546 me
720 3487 805 3546 issum
824 3489 969 3551 libertum
985 3495 1044 3557 eud

110 3575 252 3638 hortibus
264 3589 449 3656 praetorum
459 3585 512 3629 ant
520 3590 596 3650 pro·
655 3578 831 3633 communie
850 3575 995 3653 quaestus
1021 3603 1040 3642 a

111 3661 281 3724 consulum.
303 3658 439 3716 Romani
459 3659 540 3713 enim
561 3670 596 3714 ut
655 3657 777 3715 tonsum
799 3655 915 3718 mifisse.

107 3745 246 3831 linguam
263 3743 347 3802 suam
371 3756 440 3797 cum
461 3742 594 3817 irnperio
696 3742 869 3824 auctorem]
912 3748 931 3802 i.
957 3762 986 3804 e.
1014 3766 1043 3826 qu

108 3837 342 3913 propagarent,
369 3841 431 3882 non
450 3821 582 3901 permise
655 3842 727 3881 eum
744 3822 917 3885 sermonem
937 3846 1043 3889 narrar

108 3931 182 3976 runt
201 3912 258 3973 suis
286 3909 413 3991 legetis,
443 3925 595 3984 quocum·
701 3903 756 3965 Gn.
774 3906 942 3992 Plancium]
965 3933 1042 3973 eum

109 4018 173 4079 que
186 3998 418 4061 conmitterent,
433 3990 594 4070 essequam
654 3990 767 4050 Cicero
804 4000 951 4054 oratione
988 4001 1043 4059 des

107 4071 595 4160 Lesmasingdauti3uttestatur
653 4088 721 4134 tum
750 4076 908 4140 tribunum
924 4080 1043 4144 militar
