2506 4808
137 271 212 369 aas
418 256 702 331 aersroua
750 254 906 338 xxix,

113 468 141 540 3
228 449 295 519 -His
306 462 423 517 eutem
438 455 475 514 in
487 451 592 514 rebus
616 452 684 513 iam
699 458 734 511 te
748 441 827 512 usus
848 443 917 534 ipse
931 445 1067 535 profect

138 538 250 630 divit,
268 574 479 639 nequaquam
493 548 569 617 satis
592 547 674 622 esse,
695 547 802 635 ipsum
820 545 924 614 hasce
940 548 1067 616 habere

146 672 221 733 tes,
241 656 297 723 sed
320 654 384 719 esse
408 649 746 737 circumspiciendum
766 648 969 737 diligenter,
992 659 1067 727 ,uti

89 814 93 826 .
147 758 299 826 custodia
319 759 516 844 provinciae
538 774 610 817 non
639 760 673 819 te
695 773 819 825 unum,
854 750 912 815 sed
938 776 1063 821 omnes

140 859 237 935 ,stros
260 860 395 945 imperii
415 859 483 927 tui,
510 850 627 925 sociis,
651 863 686 919 et
705 854 855 927 civibus,
890 867 925 921 et
948 862 1000 921 rei
1024 881 1067 945 pu

147 959 318 1052 praestare
340 957 485 1024 videare.
552 952 766 1043 Quamquam
794 953 924 1042 legatos
955 954 1065 1023 habes

149 1069 209 1146 qui
228 1059 286 1148 ipsi
308 1080 370 1147 per
396 1056 428 1122 se
448 1055 596 1122 habituri
621 1051 684 1121 sant
704 1059 872 1128 rationem
891 1057 1067 1146 dignitatis

149 1164 328 1246 dequibus
345 1159 494 1231 honore,
516 1168 551 1220 et
565 1156 746 1243 dignitate,
768 1169 803 1220 et
828 1170 935 1238 aetate
949 1158 1067 1246 praesu

29 1330 31 1335 ,
138 1267 253 1341 bero,
291 1283 392 1345 quem
415 1280 479 1346 ego
506 1261 674 1330 arbitror,
710 1257 906 1344 praesertim
929 1266 1067 1342 quumJl

141 1364 338 1445 historiam,
374 1360 503 1426 multos
527 1381 571 1425 ex
596 1356 662 1422 suis
693 1351 869 1437 annalibus
899 1358 991 1448 posse
1012 1361 1067 1427 del

149 1487 235 1553 quos
260 1463 357 1556 velit,
389 1476 423 1531 et
444 1459 542 1550 polilt
563 1463 719 1527 irnitariz.
743 1457 898 1532 Allienus
921 1475 1038 1531 autem

149 1564 216 1640 est,
259 1587 361 1646 qimm
386 1569 499 1629 animo
530 1575 564 1626 et
584 1560 831 1636 benivolentia,
869 1577 944 1629 tum
966 1585 1051 1633 vero

146 1673 335 1737 imitatione
349 1664 495 1729 vivendi.
526 1663 615 1727 Nam
631 1661 711 1744 quid
733 1683 795 1750 ego
811 1664 853 1728 dc
872 1665 1028 1731 Gratidio
1044 1667 1065 1730 d

148 1791 249 1856 quem
274 1779 369 1830 certo
390 1763 457 1830 scio
480 1771 529 1830 ita
548 1764 701 1830 laborare
717 1762 760 1826 de
779 1762 1026 1830 existimatione
1048 1765 1067 1831 si

145 1883 296 1963 propter¹
313 1888 463 1943 amorem
490 1873 528 1932 in
548 1887 613 1933 nos
637 1864 844 1943 fraternum,
876 1871 978 1937 etiarn
1000 1867 1051 1957 de¹

145 1970 288 2051 laboret.
354 1965 574 2065 Quaestoreua
599 1962 727 2061 habes,
760 1987 832 2035 uon
853 1978 920 2042 tuo,
941 1967 1067 2041 iudicio

506 2233 511 2241 ,
524 2218 794 2243 h-—n-—a--uu

145 2410 207 2495 (V.
234 2412 305 2492 16.)
340 2407 492 2476 levantur
511 2415 635 2490 miserae
685 2478 692 2483 ,
741 2410 876 2505 Tubero]
898 2418 932 2483 L.
949 2419 1055 2487 Aelius

148 2503 303 2572 civitates,
358 2503 434 2584 quod
470 2503 564 2560 rullus
591 2497 635 2570 fit
685 2523 728 2580 'ro
746 2524 815 2565 cnm
831 2505 1067 2570 Ciceronelites

139 2587 256 2665 sumtus
280 2587 310 2642 in
331 2607 399 2657 uos,
432 2605 523 2659 neque
547 2585 577 2641 iu
592 2587 633 2642 le·
691 2587 790 2661 ditus,
818 2596 947 2670 eiusque
969 2593 1066 2654 famili

145 2683 236 2751 gatos
264 2692 354 2748 neque
379 2673 408 2728 in
433 2671 633 2749 quaestorem,
683 2732 692 2742 ,
731 2670 886 2757 Allienus]
920 2677 972 2738 Sic
999 2680 1067 2739 edid

146 2779 239 2836 neque
271 2758 301 2812 in
330 2777 508 2836 quemquam.
555 2750 634 2813 Scito
691 2757 774 2842 vulg.
820 2755 961 2820 Halienus
989 2779 1025 2823 ut
1056 2785 1067 2825 e

144 2865 205 2902 non
226 2843 315 2900 modo
339 2862 391 2900 uos
411 2839 556 2914 foenum,
583 2850 635 2898 aut
691 2846 762 2903 viris
793 2843 894 2906 doctis
927 2845 1056 2926 placuit.

146 2930 229 3011 quod
257 2932 324 3003 lege
352 2922 429 2985 Iulia
460 2929 528 2985 dari
556 2925 636 3001 solet
691 2925 768 2989 lens.
798 2927 892 2991 hebet
919 2929 1049 2992 Auienus

145 3035 206 3070 nou
228 3015 376 3091 accipere,
408 3013 465 3087 sed
487 3031 523 3068 ne
552 3012 636 3087 ligna
693 3033 730 3072 ex
745 3010 876 3071 Allienus
891 3017 1067 3087 manifestus

146 3100 286 3175 quidemn
329 3118 380 3155 uec
409 3106 530 3173 praeter
561 3117 634 3175 qaia·
693 3096 744 3161 eti.
801 3095 928 3174 Ernesti.

147 3193 217 3240 tuor
239 3184 330 3243 lectos
353 3192 383 3241 et
403 3191 512 3239 tectum
534 3199 633 3263 qtaem-
734 3184 830 3258 noster
851 3183 912 3267 est]
936 3184 983 3245 Itu
998 3183 1066 3247 Ursi

146 3289 235 3348 quam
281 3266 414 3341 accipere
463 3268 633 3341 quicquam
683 3268 752 3343 Ma.
777 3265 865 3329 fuisse
886 3266 1027 3331 'testatum

146 3353 249 3411 antistis
280 3352 352 3410 locis
380 3371 416 3407 ue
439 3360 548 3411 tectum
569 3353 633 3433 qui·
684 3353 733 3428 ¹est
752 3351 903 3416 omissum.
933 3353 1067 3418 Recter

147 3441 233 3508 dem,
265 3448 294 3492 et
315 3437 345 3493 in
365 3437 550 3495 tabernaculo
571 3436 633 3508 md·
691 3435 817 3501 Ernesti.

144 3544 215 3583 uere
230 3524 467 3598 plerumque.-·-
490 3514 612 3581 Hotom.
734 3522 772 3580 de
798 3518 963 3606 Gratidio]
985 3525 1065 3585 Eum

187 3598 366 3690 praestare]
420 3603 548 3666 uerbum
591 3600 635 3665 est
691 3602 973 3689 suusM.Graridii,
991 3616 1067 3671 cuius

144 3695 228 3755 iuris.
257 3692 409 3768 praestare
429 3690 566 3773 aliquem
592 3685 636 3750 cst
693 3692 852 3751 Ciceronis
870 3697 936 3753 avia
951 3694 1011 3754 suit
1026 3696 1067 3755 vel

143 3776 296 3861 praedem
325 3770 386 3836 esse
415 3794 475 3856 pro
509 3774 635 3856 aliquo,
691 3775 743 3839 vel
759 3793 907 3857 nepotem
922 3776 1012 3839 fuisse
1025 3803 1067 3860 pu

144 3877 178 3922 et
207 3860 380 3941 periculum
408 3858 498 3942 quod
527 3879 564 3918 ex
595 3877 636 3919 eo
692 3877 845 3940 nepotem
870 3866 997 3944 quidem
1026 3868 1067 3925 sui

144 3952 272 4008 timetur
322 3949 356 4011 in
396 3945 429 4016 se.
487 3946 638 4028 recipere.
693 3959 874 4026 temporum
892 3952 1049 4013 rationem

75 4068 78 4073 -
146 4026 275 4097 Horam.
604 4091 609 4103 ,
694 4027 786 4098 bilius
801 4027 856 4095 est.
