2506 4808
267 311 553 385 nrrs‘rota
610 315 730 385 Lxx.
943 335 1010 409 μ,

86 526 129 573 ne
148 502 286 578 censes,
310 511 368 589 qui
385 519 419 571 et
435 517 490 580 te,
511 517 546 571 et
560 505 744 572 omnibus?
772 520 808 571 et
827 502 847 571 t
864 518 903 572 tn
916 513 1010 574 inco·

89 630 149 674 me
163 612 327 690 requiris,
356 627 462 690 ecquo
476 607 580 673 modo
597 628 616 671 a
635 628 691 671 me
711 606 814 695 ipsam
835 611 1011 679 incolumi

105 706 288 773 desiderari
311 703 437 794 putas?
472 706 553 773 nolo
579 728 864 784 commemorare,
885 714 1009 795 quibus

98 809 160 875 fim
178 807 359 897 spoliatus,
379 831 449 874 non
465 808 570 873 solum
592 815 752 893 quianon
773 815 932 898 ignotae,
953 812 1012 878 sed

95 935 140 978 ne
152 910 299 993 scindam
314 910 383 996 ipse
401 909 554 974 dolorem
570 933 696 974 meum.
739 910 817 977 Hoc
831 910 1013 997 confirmo,

86 1040 90 1077 e
105 1018 212 1079 tantis
230 1015 327 1076 bonis
346 1009 410 1075 esse
427 1015 593 1097 privatum
611 1032 831 1096 quemquam,
851 1036 962 1099 neque
975 1020 1012 1079 in

86 1140 94 1183 ς
112 1114 260 1181 miserias
284 1111 446 1176 incidisse.
490 1111 575 1176 Dies
597 1125 709 1176 autern
731 1136 801 1178 non
819 1117 921 1182 morlo
940 1102 1012 1181 non

86 1219 219 1283 luctum
232 1211 343 1287 hunc,
365 1210 417 1277 sed
442 1217 542 1277 ctiam
564 1227 675 1300 auget.
719 1213 806 1305 Nam
828 1216 1011 1282 ceterido-

90 1323 291 1405 mitigantur
306 1313 486 1394 vetustate3
508 1311 563 1376 hic
578 1337 644 1377 ncn
659 1315 768 1402 potest
783 1340 853 1381 non
867 1331 901 1383 et
916 1317 1013 1385 sensu

86 1425 172 1487 entis
193 1416 360 1489 miseriae,
392 1428 426 1480 et
446 1414 685 1480 recordatione
706 1424 909 1504 praeteritae
918 1425 1013 1496 ‘vitae

86 1521 134 1587 lie
155 1523 280 1607 angeri.
331 1512 496 1581 Defidero
525 1522 616 1581 enim
630 1541 703 1582 non
722 1541 797 1583 mea
809 1519 932 1595 solum,
955 1542 1012 1586 ne-

86 1644 180 1696 reos,
201 1619 258 1684 sed
270 1640 323 1682 me
338 1615 456 1704 ipsum.
507 1617 600 1707 Quid
622 1624 713 1683 enim
735 1618 829 1683 sum'?
862 1620 1011 1685 sednon

86 1749 119 1800 n,
139 1736 179 1786 ut
193 1734 250 1786 aut
264 1732 362 1783 tuum
378 1724 525 1781 animum
540 1739 661 1806 angam
674 1721 834 1804 querelis,
854 1735 912 1786 ant
924 1728 1011 1788 meis

87 1826 187 1891 ribus
208 1821 336 1908 saepius
351 1838 472 1883 manus
489 1819 649 1884 adseram.

87 1926 152 1990 lam
170 1921 262 2006 qnod
276 1941 402 2008 purgas
420 1940 500 1994 ece,
522 1940 606 2004 quos
621 1944 685 2009 ego
700 1920 784 1987 mihi
799 1922 906 2013 scripsi
928 1926 1042 1992 invi-3

111 2029 195 2089 etin
209 2026 258 2085 eis
276 2020 462 2086 Catonem:
502 2043 567 2107 ego
585 2044 664 2087 vero
687 2035 820 2090 tantum
841 2025 936 2091 illum
956 2048 1016 2114 pu·

108 2125 172 2191 isto
194 2120 317 2186 scelere
346 2121 499 2196 abfuisse,
533 2131 739 2203 utmaxime
758 2127 909 2201 doleam,
936 2127 1015 2216 plus

90 2247 148 2290 me
164 2222 407 2288 simulationem
424 2223 577 2298 aliorum,
602 2248 701 2310 quam
717 2226 810 2291 istius
829 2225 944 2301 fidem,
965 2249 1016 2294 va·

87 2373 91 2392 .
139 2328 267 2398 Ceteri,
282 2345 368 2407 quos
384 2346 521 2411 purgas,
543 2326 672 2391 debent
687 2325 770 2392 mihi
787 2334 920 2414 purgati
940 2328 1017 2404 esse,

86 2428 201 2494 isunt.
248 2426 320 2491 Sed
344 2423 426 2489 haec
448 2428 521 2490 lero
547 2433 689 2514 agimus.
733 2425 835 2511 Crasli
856 2427 1018 2494 libertum

93 2543 180 2620 puto
202 2528 329 2593 sincere
352 2526 517 2592 locutum.

87 2880 282 2968 rescindam]
296 2882 380 2945 Nihil
395 2903 477 2966 opna
574 2896 608 2956 3«
624 2880 848 2959 simulationem
870 2882 1020 2968 aliorum]

87 2978 221 3035 Graevio
251 2991 406 3049 reponere
431 2992 477 3028 re·
533 2969 633 3028 Notat
663 2975 796 3031 maxime
821 2968 1022 3033 Hortensium

89 3080 130 3117 m.
174 3060 254 3116 Nam
264 3058 400 3131 scindere
415 3056 477 3113 cul·
535 3056 712 3117 etArrinm.
755 3053 876 3117 Μαηιιτ.

88 3143 100 3205 ἰ
125 3147 152 3202 ei
173 3161 275 3199 manus
300 3144 479 3215 adinvenere,
578 3139 659 3215 istim
672 3136 794 3221 fidem]
807 3139 905 3210 fidam
928 3142 1024 3204 Cato·

91 3227 148 3289 ulo
170 3225 240 3307 poll
263 3227 354 3296 dicit,
382 3245 479 3305 quum
536 3226 569 3282 ni
591 3224 715 3295 tribuit,
746 3229 801 3304 qui
824 3226 927 3303 palam
949 3231 1026 3288 invi·

88 3333 224 3375 :novum
241 3326 272 3370 et
287 3311 415 3370 crudum
428 3306 480 3381 esl,
538 3309 584 3368 dit
601 3308 763 3380 Ciceroni,
784 3330 842 3370 nec
862 3332 934 3371 eum
959 3311 1026 3392 spe·

88 3402 159 3457 dere
189 3393 233 3456 est
261 3395 336 3454 illud
362 3394 483 3454 exulce·
539 3397 585 3454 cie
615 3397 767 3453 amicitiae
792 3395 912 3459 sesellit.
968 3391 1025 3456 Er·

103 3503 203 3565 quum
225 3484 286 3539 iam
309 3483 482 3540 cicatricem
539 3479 622 3554 nesti.
1007 3528 1010 3533 .

581 3564 673 3620 ceteri
701 3585 776 3645 qum
802 3560 938 3648 purgas]
978 3566 1029 3629 Sic

88 3653 204 3711 denim
219 3645 309 3732 suin]
330 3645 484 3709 Ernestiur
539 3648 589 3707 ed.
608 3649 700 3709 Rom.
720 3651 789 3710 ald.
814 3649 881 3711 Asc.
905 3652 937 3711 P.
959 3653 1029 3711 Ma·

88 3744 120 3799 :it
147 3738 314 3820 legendum
346 3730 405 3793 eise
436 3734 485 3808 qui
539 3749 604 3797 nut.
642 3734 724 3792 Vict.
765 3735 866 3815 quue
907 3755 925 3794 e
957 3733 1047 3798 Mtt·
1138 3781 1144 3792 .

88 3827 176 3899 liam,
199 3836 234 3880 ut
251 3822 283 3880 in
298 3819 358 3879 fine
373 3815 485 3896 episto·
530 3815 668 3881 ,Helmlt
705 3817 835 3879 restitnit
868 3820 1028 3881 Graevius.

88 3910 127 3982 li,
173 3928 220 3963 me
254 3905 309 3980 effe
336 3906 484 3978 aliquem,
541 3902 598 3961 Ed.
627 3902 706 3964 lens.
729 3905 838 3965 vitiose
868 3904 972 3961 ceteris
998 3919 1030 3967 et

88 4015 138 4053 rm
158 3993 208 4067 qui
221 3986 290 4061 fui,
314 4000 343 4045 et
363 3990 415 4067 qni
431 3988 486 4062 esse
541 3990 670 4063 probati.
727 3990 787 4049 Alii
815 3988 885 4049 libri
898 3998 1029 4063 ceteros,

88 4128 90 4151 ,
117 4079 182 4136 iam
198 4078 254 4151 effe
269 4095 325 4132 non
342 4074 464 4150 pollini.
533 4073 633 4154 ,qnod
644 4078 833 4137 recentiores
846 4072 921 4137 inde
934 4091 953 4133 a
966 4074 1030 4136 Bo·

870 4167 944 4233 Ua
