2506 4808
106 328 195 415 ata
350 321 631 405 tentata
684 306 997 409 attexant-1

132 510 369 580 coheredibus.
412 508 532 584 Nunc,
556 533 659 594 quum
681 522 778 576 tuum
804 525 977 603 pretium
1000 528 1103 597 novi,
1126 523 1171 591 lici

131 627 279 681 tatorem
302 617 415 700 potius
444 632 587 698 ponam,
629 634 729 699 quarn
759 615 851 682 illud
879 626 1043 701 minoris
1069 640 1171 705 veneat

131 712 206 784 Sed
226 716 268 779 de
291 719 369 779 ioco
391 709 466 775 latis
492 710 550 776 eit.
597 708 715 779 Tuum
739 727 936 807 negotium
958 746 1084 814 agam,
1106 726 1171 795 ficut

132 820 262 890 debeo,
283 813 477 901 diligenter.

104 1052 142 1096 a.
240 1031 436 1107 DaBursa,
472 1046 507 1097 te
532 1034 680 1120 gaudere
708 1049 804 1101 certo
828 1038 919 1105 scio.
995 1044 1171 1126 Sedninit

133 1136 329 1205 verecunde
351 1136 434 1202 milti
460 1137 652 1224 gratularis.
695 1133 796 1203 Putas
820 1149 943 1219 enim,
982 1163 1028 1215 ut
1050 1151 1170 1231 scribas,

133 1250 276 1329 proptor
303 1238 450 1305 hominis
484 1238 621 1313 sordes,
661 1243 773 1307 minus
806 1265 865 1309 me
899 1269 1076 1336 magnam
1106 1255 1163 1333 illan

133 1336 292 1419 laetitiam
316 1352 446 1431 putare.
490 1340 621 1405 Credas
643 1336 859 1419 mihivelint,
886 1356 1010 1438 magis
1035 1377 1097 1419 me
1115 1356 1161 1435 iuli

136 1448 189 1509 oio
217 1440 301 1516 hoo,
339 1462 438 1525 qnam
473 1454 586 1506 morte
619 1445 746 1506 inimici
777 1440 963 1535 laetatam.
1040 1453 1164 1537 Prinna

135 1524 226 1623 enim
258 1542 383 1609 iudicio
424 1541 540 1616 malo,
587 1564 686 1629 quant
725 1541 864 1631 gladio;
915 1552 1059 1622 deinde
1090 1560 1164 1650 gloria

133 1651 250 1734 potius
279 1648 397 1719 amici,
440 1663 541 1729 quam
573 1644 773 1721 calamitate.
836 1646 881 1719 In
905 1659 1112 1746 primisque
1132 1683 1164 1739 ac

514 1901 782 1920 Μ

177 2083 359 2143 licitatorem
375 2080 474 2153 patius
489 2077 624 2162 ponam]
679 2099 760 2140 rona
789 2079 860 2165 lege
891 2085 1065 2173 Pompei·
1093 2096 1166 2157 davi

136 2160 288 2228 Gruterus
312 2187 381 2224 cum
398 2167 539 2224 Victoria
560 2165 625 2223 edi·
682 2163 854 2240 accolatus,
900 2190 938 2233 et
964 2179 1166 2243 damnatum

135 2236 199 2312 aa}
221 2253 252 2308 n
266 2250 446 2308 licitatorem
460 2252 559 2322 ponas
572 2268 624 2322 pa·
682 2248 817 2309 euntium
834 2251 923 2316 abne.

135 2340 222 2409 itam,·
255 2336 318 2395 Sed
350 2339 380 2393 ia
409 2335 542 2397 latinitas
561 2353 625 2394 non
726 2357 810 2413 quam
825 2352 926 2399 marte
941 2348 1095 2435 inimici]
1113 2351 1167 2411 Clo·

136 2422 214 2497 lert,
235 2436 266 2480 et
280 2419 362 2480 abest
378 2421 437 2479 Ma.
454 2438 545 2497 tneo,
562 2420 623 2480 Gu.
682 2421 724 2481 dii
747 2443 764 2479 a
780 2423 905 2499 Milone
920 2426 994 2493 hoc
1011 2455 1097 2497 anno
1111 2435 1167 2505 at.

138 2523 171 2569 et
192 2507 263 2566 edd.
284 2527 331 2587 pr.
352 2505 525 2582 nonnullia3
553 2525 630 2578 nant,
682 2506 764 2565 Xlll.
783 2508 849 2569 Kal.
870 2511 971 2574 Febr.
1000 2522 1153 2583 interlecti.

138 2590 188 2651 ed.
210 2610 297 2668 1t71·
316 2588 427 2660 habet,
451 2597 523 2650 itetn
535 2586 624 2659 aliae,
725 2595 830 2651 deinde
843 2596 954 2672 gloria
968 2610 1077 2675 potius
1090 2610 1168 2677 amici,

136 2675 189 2738 led
214 2680 244 2733 in
266 2678 470 2734 licitationem.
514 2675 626 2752 ltaque
683 2697 773 2756 qnam
789 2683 998 2771 calamitate]
1026 2712 1093 2753 non
1111 2695 1169 2753 tanti

138 2782 207 2821 cum
218 2763 354 2820 Graevio
371 2761 548 2820 delevimus.
564 2761 625 2818 Pro
683 2761 756 2820 milti
774 2762 1039 2834 astinimicorum
1054 2784 1168 2846 exitium.

137 2869 246 2924 ponam
263 2847 412 2905 Graevius
431 2845 516 2904 dedit
535 2865 625 2918 appo·
685 2862 718 2905 ut
739 2868 794 2907 eoa
816 2851 966 2928 perditos
994 2861 1093 2922 velim
1118 2884 1168 2925 cum

133 2952 232 3002 naim
252 2947 284 2992 ot
298 2927 359 2991 elle
369 2935 410 2989 ait
425 2936 455 2988 in
473 2931 541 2991 edd.
553 2944 625 2989 vett.
684 2937 853 3007 amicorum
869 2938 1082 3022 calamitate,
1105 2945 1170 3029 qaod

136 3013 407 3081 Inmaianonest.
452 3012 513 3075 Etfi
535 3035 625 3090 appa·
684 3017 795 3077 accidit
832 3024 864 3078 itt
907 3026 1051 3091 Clodio.
1112 3035 1170 3095 llna

133 3124 209 3172 aare
228 3105 259 3161 in
282 3098 341 3161 hac
360 3121 394 3161 se
412 3097 547 3161 usitatius
564 3098 625 3174 est,
685 3108 765 3161 enim
783 3105 899 3167 occidit
916 3112 1007 3174 Milo
1025 3135 1060 3179 et
1074 3139 1114 3179 eo
1131 3123 1170 3179 cti·

138 3203 242 3249 tamen
266 3201 297 3245 et
316 3206 426 3260 ponere
441 3206 457 3244 a
475 3188 627 3246 Cicerone
684 3192 766 3247 mine
788 3188 1010 3258 calamitatem
1033 3201 1122 3265 subiit
1135 3225 1170 3263 at·

137 3270 179 3333 stc
210 3273 330 3331 dicitur.
395 3272 491 3330 Citius
522 3287 627 3331 autem
670 3270 737 3345 litt.
761 3269 883 3339 Manat.
926 3280 1040 3360 Quod
1066 3310 1169 3370 praeoe-

138 3379 249 3433 ponere
264 3370 398 3415 mutetur
415 3360 445 3415 in
460 3376 625 3431 apponere,
683 3357 730 3417 dit
762 3367 900 3437 pertinet
935 3369 984 3426 ad
1025 3374 1170 3435 Clodiam:

139 3464 233 3526 quain
250 3441 312 3499 ltoc
330 3445 360 3499 in
374 3441 458 3501 illud.
500 3437 625 3516 Ernesti·
678 3441 777 3505 mlllfl
796 3441 923 3507 sedicit
943 3453 1099 3522 inimicos
1121 3459 1171 3521 ian

185 3549 210 3586 ι,
229 3530 266 3585 de
286 3524 396 3606 lieni]
415 3528 452 3585 T.
467 3528 626 3587 Manutius
684 3547 803 3606 poenas
833 3529 912 3591 dare
942 3555 1013 3616 per
1042 3547 1171 3607 indicina

130 3613 270 3681 :Plancus
309 3610 403 3671 Barla
442 3609 504 3668 hoc
543 3631 626 3671 anno
686 3632 779 3689 qnam
803 3635 1038 3692 pertnortem.
1082 3633 1170 3711 ltaque

138 3699 279 3759 tribunus
306 3695 403 3776 plebis
433 3693 628 3754 acetbiffitnis
685 3697 715 3757 lo
738 3702 834 3779 tnagis
859 3698 978 3764 laetari
997 3713 1171 3777 Bursfloexi·

139 3782 342 3845 concionibus
360 3781 513 3838 Milonem
532 3795 562 3839 et
579 3781 628 3839 Ci·
685 3787 749 3852 tio,
792 3804 887 3862 quant
920 3789 1040 3857 Clodii
1074 3818 1171 3863 mone:

139 3887 286 3929 ceronam
313 3880 489 3931 vexaverat:
523 3883 629 3943 eoquo
686 3865 748 3926 ltoc
768 3869 808 3926 ad
825 3867 1012 3954 Milonem,
1033 3891 1090 3965 qni
1106 3906 1171 3947 aaa·

139 3958 285 4021 incitante
311 3950 420 4031 plebea
444 3952 560 4009 curiam
583 3954 629 4009 in·
685 3950 802 4013 faverat
831 3953 979 4033 Bursam,
1029 3970 1171 4053 mimigi

140 4038 296 4109 canderet.
340 4031 547 4124 ltaque'post
575 4034 629 4101 da·
686 4054 737 4096 tur
759 4034 789 4096 le
809 4042 867 4109 ait,
890 4043 1004 4124 gloria
1023 4076 1062 4116 ex
1075 4058 1128 4120 ilia
1142 4063 1171 4119 ia·

140 4122 276 4204 politum
298 4118 490 4195 athanatum
508 4139 528 4191 a
543 4121 631 4195 Cice·
687 4123 770 4195 dicio
791 4127 895 4206 magia
923 4128 1070 4219 laetati,
1100 4162 1171 4231 qaam
