2506 4808
366 298 650 382 amsi-ona
688 296 797 370 x1v.
1056 310 1106 395 4,

101 510 155 577 qm
167 492 279 557 iniuria
287 510 391 559 nemo
406 512 569 577 umquam
588 496 626 558 in
642 489 754 577 aliquo
768 488 962 579 magistratu
976 496 1107 580 impro-

100 590 222 659 biffimus
244 598 326 658 civis
356 593 498 659 affectus
528 594 592 667 est,
628 614 667 660 ea
693 616 749 660 me
772 591 943 657 consulem
971 596 1105 670 affecit,

99 717 178 781 quum
200 714 272 758 rem
301 694 472 784 publicam
499 693 757 777 conservassem
796 705 897 778 atque
924 697 1105 763 abeuntem

57 836 60 859 .
98 794 265 884 magistratu
279 802 456 862 concionis
473 792 650 859 habendae
672 793 839 884 potestate
861 802 1023 884 privavit3
1050 820 1106 865 cu·

57 922 80 973 ·,
101 902 261 962 iminiuria
275 894 359 962 mihi
374 910 488 963 tamen
502 893 628 961 honori
642 894 772 961 summo
788 896 863 960 suit.
896 896 985 962 Nam
1002 920 1106 983 quum

101 994 229 1063 ssemihi
249 995 355 1072 nihil,
383 995 443 1063 nisi
463 1008 501 1061 ut
517 1002 681 1071 iurarem,
710 1003 947 1084 permitteret,
983 1022 1107 1089 magna

100 1118 157 1163 rece
179 1103 289 1165 iuravi
316 1096 536 1170 verisfimum,
575 1096 910 1184 pulcherrimumque
943 1106 1108 1166 iusiuran-

57 1202 63 1265 Ξ
98 1196 169 1282 snn3
194 1199 290 1284 quod
309 1197 456 1287 populus
471 1199 563 1263 idem
577 1220 700 1285 magna
712 1222 796 1266 voce
812 1222 867 1266 me
887 1222 966 1267 vere
983 1202 1106 1268 iurasse

98 1304 202 1365 mavit.
251 1300 329 1365 Hac
346 1312 484 1388 accepta
504 1312 574 1363 tam
596 1298 717 1387 insigni
741 1306 882 1375 iniuria,
910 1314 1024 1368 tamen
1044 1302 1106 1370 illo

57 1460 65 1471 .
98 1399 148 1489 ipso
161 1401 214 1466 die
230 1399 303 1465 misi
325 1401 367 1465 ad
380 1399 558 1466 Metellum
572 1420 773 1468 communes
790 1409 935 1479 amicos,
957 1410 1014 1490 qui
1031 1427 1107 1493 age-

57 1564 62 1572 .
99 1514 240 1568 rentcum
255 1525 316 1578 eo,
340 1515 379 1568 ut
392 1502 436 1567 de
453 1500 509 1567 illa
530 1513 646 1566 mente
667 1500 847 1569 desisteret.
892 1502 1026 1597 Quibus
1048 1506 1106 1573 isse

57 1660 61 1675 ,
100 1600 258 1691 respondit:
280 1601 341 1669 fibi
355 1626 426 1668 non
442 1600 506 1667 esse
518 1607 702 1691 integrum.
722 1674 725 1681 ,
744 1605 881 1671 Etenim
899 1608 1011 1695 paullo
1026 1622 1107 1673 anto

57 1762 70 1778 ,
100 1702 203 1770 dixerat
223 1711 261 1772 in
285 1711 473 1780 concione,
500 1710 550 1778 ei,
579 1710 695 1790 quiin
719 1705 803 1771 alios
822 1708 1106 1776 animadvertisset

101 1803 198 1871 indicta
221 1801 337 1881 causa,
361 1806 497 1871 dicendi
515 1804 575 1894 ipfi
597 1803 798 1894 potestatem
820 1806 893 1875 fieri
913 1832 984 1875 non
1007 1833 1107 1899 opor·

57 1934 71 1978 ,-
103 1912 160 1969 tue.
210 1906 400 1975 Hominem
427 1928 582 1996 gravem,
615 1919 649 1971 et
672 1913 780 1973 civem
802 1907 994 1999 egregium!
1032 1918 1107 1997 qui,

57 2040 73 2081 ε
105 2023 271 2095 quapoena
293 2009 444 2085 senatus,
472 2006 633 2074 consensu
656 2010 826 2075 bonorum
842 2018 1012 2087 omnium,
1043 2031 1104 2077 eoa

107 2104 253 2184 affecerat,
276 2116 332 2194 qui
353 2113 473 2177 urbem
486 2110 687 2185 incendere,
711 2110 942 2200 magistratus,
965 2135 1004 2177 ac
1018 2111 1108 2177 sena-

57 2275 61 2288 ,
108 2216 156 2273 tam
172 2212 361 2287 trucidare,
395 2211 521 2276 bellum
545 2216 730 2277 maximum
750 2213 898 2279 conflare
920 2214 1107 2287 voluissent,

57 2293 63 2335 ¹
107 2310 194 2377 eadem
207 2314 352 2403 dignum
366 2312 531 2378 iudicaret
544 2335 632 2387 eum,
648 2321 704 2398 qui
720 2320 848 2381 curiam
858 2315 970 2389 caede,
984 2318 1106 2380 urbem

107 2412 255 2491 herodiis,
274 2414 406 2479 Italiam
420 2415 509 2480 bello
522 2414 697 2480 liberasset.
738 2416 856 2501 Itaque
873 2439 938 2505 ego
952 2415 1106 2490 Metello,

108 2508 175 2580 iani
194 2531 272 2592 tuo,
299 2516 464 2604 praesenti
487 2516 603 2582 restiti.
654 2518 743 2583 Nam
762 2523 799 2582 in
820 2515 935 2584 senatu
950 2518 1106 2582 kalendis

57 2612 69 2708 ζ’
107 2608 237 2684 Ianuariis
252 2618 296 2683 sic
312 2642 389 2683 cum
405 2640 446 2682 eo
462 2618 504 2681 de
520 2641 558 2683 re
572 2618 705 2707 publica
714 2618 888 2705 disputavi,
904 2631 942 2683 ut
958 2617 1107 2692 sentiret,

63 2717 73 2735 ”
108 2709 146 2781 sbi
159 2744 231 2785 cum
246 2726 319 2787 viro
335 2723 428 2795 sorti,
445 2734 478 2786 et
492 2719 657 2788 constanti
672 2718 735 2784 esse
749 2720 980 2806 pugnandum.
1012 2722 1108 2785 Ante

57 2884 69 2903 Ρ
108 2816 173 2884 diem
196 2827 335 2889 tertium
360 2845 468 2889 nonas
489 2824 660 2889 Ianuarias
692 2843 794 2904 quum
819 2842 917 2907 agere
939 2822 1108 2910 coepisset,

57 2912 64 2961 1
107 2929 183 2989 tertio
196 2948 330 3011 quoque
343 2928 448 2992 verbo
462 2918 625 2991 orationis
642 2922 715 2988 suae
732 2944 786 2985 me
803 2920 999 3009 appellabat,
1022 2921 1108 2989 mihi

57 3072 64 3087 ,
106 3029 287 3109 minabatur3
311 3049 421 3112 neque
434 3026 484 3094 illi
498 3028 681 3112 quidquam
690 3023 904 3089 deliberatius
918 3024 992 3099 fuit,
1008 3047 1108 3109 quam

106 3143 159 3199 ne,
181 3150 391 3213 quacumque
417 3135 547 3195 ratione
569 3125 692 3216 posset,
726 3149 797 3190 non
821 3125 963 3200 iudicio,
999 3149 1109 3210 neque

57 3236 61 3255 ¹
108 3222 341 3318 disceptatione,
368 3228 423 3295 sed
439 3235 485 3306 vi,
506 3243 603 3315 atque
620 3224 833 3316 impressione
848 3239 1008 3293 evertere.
1040 3227 1109 3293 Hu-

458 3432 728 3449 m·-

135 3557 285 3644 sflalt'quo]
305 3561 364 3620 ie.
379 3560 410 3617 in
426 3559 487 3617 alio
501 3577 569 3634 quo·
627 3552 729 3616 verbio
745 3554 774 3611 in
789 3550 910 3606 minimo
927 3566 1110 3633 corruptum

57 3674 60 3681 ·
111 3636 175 3715 dun,
196 3661 231 3705 nt
252 3646 355 3727 saepe.
397 3642 461 3704 Nisi
480 3663 571 3724 prae·
627 3639 726 3702 videri
744 3632 857 3717 posset.
1116 3640 1119 3649 ·

57 3732 63 3771 ³
113 3718 248 3790 seudum
268 3744 360 3810 puter
387 3730 417 3786 in
436 3731 570 3799 minimo,
671 3716 888 3800 iusiurandum]
931 3717 1044 3778 Iuravit
1063 3718 1112 3774 ni·

57 3798 72 3889 ss
116 3820 140 3863 Ἄ
155 3814 292 3875 Mmutio
321 3810 413 3888 teste,
444 3813 572 3897 legebat
627 3815 741 3869 mirum
764 3827 828 3865 rem
848 3804 996 3880 publicam
1025 3811 1112 3874 atque

70 3934 73 3967 :
119 3882 259 3959 ubtldinue
272 3899 481 3971 Bendinellus,
497 3903 572 3979 quie
626 3895 807 3953 hamurbem
813 3892 870 3966 suc
881 3890 964 3946 unius
973 3885 1110 3961 operaes-

57 3974 77 4055 r}
123 3970 275 4044 ilslltdicco
290 3984 372 4045 libro
387 4000 453 4045 eret
470 3986 571 4042 inani·
620 3982 782 4059 sesaloam
795 3968 1112 4041 OrouinPison.c.5.

72 4060 75 4065 ’
124 4071 157 4118 ”1⁰
179 4068 262 4146 quod
284 4073 360 4131 vitio
389 4068 519 4140 librarii,
534 4088 574 4129 cx
671 4058 870 4143 impressione]
882 4049 1114 4138 impressionem
