2506 4808
163 347 206 423 ⁸6
436 335 718 407 EPISTOLA
761 338 918 408 CVIII.

166 531 270 597 litatis
291 532 399 617 rapit:
418 526 473 592 sed
495 532 562 615 agit
583 523 638 592 tila
660 524 727 612 ipsu
746 527 935 617 cupiditas,
958 538 1005 594 ut'
1019 527 1079 595 vei
1103 544 1213 598 aucto·

168 638 269 698 ritate
282 629 463 696 testimonii
477 633 546 701 tui,
565 624 616 692 vel
633 626 761 692 indicio
777 627 1049 706 benivolentiae,
1073 631 1134 698 v'cl
1150 631 1213 700 sua·

169 738 274 799 vitute
295 736 440 817 ingenii,
458 733 524 796 vivi
547 724 775 814 perfruamur.
820 729 939 814 Neque
958 743 1105 807 tamen,
1131 733 1213 800 haec

170 856 273 918 quum
293 830 494 907 scribebam,
514 851 606 896 eram
627 829 776 905 nescius,
797 836 928 919 quantis
944 834 1121 898 oneribus
1143 857 1213 922 pre

170 957 302 1002 merere
325 935 555 1022 susceptarum
574 953 710 1003 rerum,
730 943 765 995 et
784 936 851 998 iam
871 932 1133 1003 institutarum:
1158 936 1213 1003 sed

170 1043 247 1122 quir
264 1037 439 1109 videbam,
460 1024 566 1101 italici
586 1031 662 1103 beili
680 1045 714 1097 et
736 1033 842 1100 ciuilis
857 1031 1034 1101 historiam
1054 1040 1130 1102 iam'
1147 1053 1212 1104 ate

170 1160 277 1228 paene
293 1137 357 1201 esse
369 1136 576 1224 perfectam
598 1135 734 1203 dixeras
752 1147 864 1202 autem
880 1135 984 1212 mihi,
1004 1150 1042 1205 te
1059 1140 1211 1227 reliquas

171 1261 227 1304 res
246 1239 369 1304 ordiri:
398 1237 506 1302 deesse
528 1234 610 1302 mihi
633 1230 745 1308 nolui,
765 1243 845 1320 quin
861 1249 895 1302 te
910 1238 1157 1318 admonerem,
1176 1257 1213 1309 ut

171 1344 359 1424 cogitares,
383 1344 612 1403 coniunctene
629 1335 745 1404 malles
764 1330 845 1405 eutu'
856 1339 997 1424 reliquis
1022 1342 1137 1414 rebus
1156 1366 1214 1412 no·

170 1438 235 1502 stru
258 1450 463 1513 contexere,
502 1460 560 1511 an,
595 1449 634 1503 ut
655 1437 753 1504 multi
776 1438 898 1506 Graeci
920 1440 1108 1519 fecerunt,
1138 1446 1213 1514 Oui·

170 1518 331 1606 ittt'hmes
348 1536 514 1608 Troicum
529 1536 674 1614 bellum,
697 1532 860 1606 Timaeus
874 1538 1017 1634 Pyrrhi,
1042 1543 1210 1641 Polybius

170 1640 433 1714 Numantinum,
456 1648 512 1726 qui
532 1658 652 1709 omnes
668 1660 688 1706 u
703 1647 876 1732 perpetuis
900 1641 966 1710 suis
982 1643 1141 1717 historiis
1152 1668 1212 1727 eu,

172 1764 255 1826 quae
271 1744 360 1819 dixi,
382 1743 465 1811 bella
488 1745 739 1834 separaverunt:
761 1756 799 1807 tu
815 1766 947 1828 quoque
968 1752 1056 1812 item
1072 1753 1211 1818 civilem

172 1851 440 1917 coniurationem
464 1849 504 1915 ab
527 1845 702 1915 hostilibus
725 1850 944 1928 extentisque
974 1847 1075 1925 bessis
1109 1853 1210 1925 ieiun-

170 1968 283 2034 geres.
328 1948 492 2032 Equidem
517 1950 559 2015 ad
581 1947 725 2015 nostram
749 1946 882 2012 laudem
903 1971 973 2012 non
996 1952 1150 2018 multum
1168 1963 1211 2022 vi·

170 2047 235 2111 deo
257 2050 432 2121 interesse:
466 2048 522 2113 scd
546 2047 587 2115 ad
611 2050 884 2138 properationem
908 2071 1019 2114 meam
1033 2057 1211 2137 tquiddam

169 2147 325 2223 interest,
349 2173 416 2216 non
431 2149 697 2236 reexspectare,
716 2147 797 2215 dum
814 2150 855 2212 ud
871 2149 985 2217 iocum
1001 2160 1147 2230 venias,
1172 2172 1209 2222 ae

169 2246 278 2312 stetim
299 2251 425 2316 causam
458 2251 547 2321 iliam
578 2262 703 2324 totam,
742 2261 777 2318 et
795 2263 929 2339 tempus
953 2258 1120 2340 arripere.
1168 2260 1210 2323 Et

168 2346 279 2425 fitnul,
303 2350 411 2422 fiune
431 2361 464 2419 in
488 2366 705 2442 argumente,
727 2368 860 2434 unaque
879 2359 914 2416 in
938 2353 1081 2439 persona
1105 2380 1207 2426 mens

167 2459 226 2513 tue
240 2464 311 2519 tota
327 2452 526 2518 versabitur:
551 2473 654 2516 cerno
673 2455 736 2515 iam
754 2456 875 2527 animo,
893 2467 1018 2541 quanto
1035 2458 1208 2534 uberiora,

168 2564 267 2638 atque
283 2560 457 2624 ornatiora
475 2554 589 2619 futura
606 2550 668 2616 sint
682 2558 804 2616 omnia.
835 2553 953 2638 Neque
976 2567 1094 2622 tamen
1111 2567 1208 2648 igno

166 2668 227 2725 ro,
258 2674 359 2736 quam
383 2655 601 2742 impudenter
621 2654 761 2727 faciam,
795 2661 851 2744 qui
871 2663 1022 2751 primum
1045 2665 1111 2726 tibi
1138 2677 1208 2731 tan·

550 2880 819 2897 m

200 3007 256 3082 sed
269 3013 335 3087 ogit
349 3015 402 3071 illu
418 3014 479 3088 im'a
494 3013 655 3099 cupiditas]
712 3014 755 3072 Ut
777 3032 860 3072 nunc
881 3010 923 3072 est
944 3029 1029 3073 recte
1052 3017 1209 3084 construi.

164 3091 270 3177 Vulgo
286 3098 450 3170 sedetiam
475 3103 528 3160 itta
543 3102 654 3174 cupidi·
713 3114 778 3160 tur:
803 3108 835 3156 ut
852 3100 999 3175 cogitares
1012 3103 1208 3168 coniunctene

164 3185 221 3234 tas.
275 3184 341 3242 Nor
375 3184 654 3268 Mummi-Lagu-
712 3185 1104 3261 incites-anseiungeres.
1142 3191 1207 3253 Ita.

163 3275 225 3321 nee
255 3262 420 3330 sectionem
454 3273 654 3349 praeoptavi·
711 3289 773 3349 que
802 3265 852 3328 bic
879 3289 945 3328 uon
973 3266 1015 3328 cst
1038 3270 1205 3338 diseeden.

162 3367 249 3426 mum
282 3357 383 3413 multo
410 3355 460 3416 itta
483 3354 653 3437 elegantio-
711 3355 784 3412 dum
814 3374 831 3414 u
858 3352 1008 3415 librorum
1029 3353 1103 3419 Mis.
1127 3382 1206 3425 con.

162 3452 237 3498 rem.
282 3438 421 3498 Verbum
447 3435 653 3501 hicoxctdiffo
709 3437 804 3500 sens.
875 3503 879 3512 ,

162 3518 222 3578 iem
236 3521 384 3585 Ernestius
401 3523 562 3603 suspicetur
576 3539 650 3583 emt.
752 3545 786 3582 ac
799 3522 927 3611 statim]
948 3524 1021 3582 Non
1043 3544 1126 3603 opus
1143 3527 1206 3603 est,

197 3604 383 3695 seiungere]
394 3607 554 3680 Ernestius,
564 3609 652 3688 quod
710 3606 943 3689 quodErnestio
960 3612 991 3667 in
1006 3626 1142 3670 mentem
1153 3636 1206 3675 ve·

156 3682 225 3748 {tec
245 3695 374 3753 verbum
401 3714 471 3754 cum
493 3704 652 3754 conterere
706 3698 770 3765 nit,
791 3696 964 3776 corrigerer
984 3693 1168 3768 sedsturim.

161 3772 400 3846 construendum
429 3793 569 3855 putaret,
603 3800 650 3837 re·
751 3777 874 3863 omma]
896 3775 1072 3861 Elegantius
1086 3779 1152 3842 stoc
1167 3787 1202 3846 in

159 3859 265 3940 posuit
292 3864 457 3938 seiungere.
502 3863 565 3922 sed
595 3885 650 3924 eur
706 3862 769 3925 fine
789 3869 928 3944 ponitur.
973 3863 1023 3921 Sic
1045 3859 1201 3945 Martyri-

160 3960 227 4007 tton
251 3967 352 4031 oeque
376 3947 456 4007 bene
481 3948 521 4006 mi
547 3953 650 4007 mattos
710 3945 846 4028 Lagona.
912 3947 1017 4031 Vulgo
1054 3949 1098 4013 est
1127 3969 1201 4015 aute

159 4031 338 4091 referatur?
390 4034 421 4091 st
471 4031 651 4113 sequeretur
709 4037 872 4094 ornatiora.

159 4115 650 4200 quotminfinstivumprteserrent.
