2506 4808
992 288 994 294 Α
1036 333 1099 415 193

248 376 250 380 ,
345 310 628 392 aetstoua
672 322 816 392 exet.

68 510 221 600 Pompeii
237 516 379 600 gratiam
397 522 565 576 tenemus·
608 510 712 586 Haec,
730 534 784 576 me
801 525 839 578 ut
854 508 1032 585 confidam,
1053 513 1099 578 fa·

69 619 177 678 ciunt.
222 612 284 679 Sin
312 612 430 696 aliquis
454 627 611 700 erumpet
632 619 775 679 amentis
802 611 949 679 hominis
980 613 1095 678 furor:

68 720 184 779 omnia
209 712 284 778 sunt
310 713 449 777 adeum
479 715 704 803 frangendum
725 715 891 801 expedita.
932 713 1025 778 Haec
1050 720 1099 779 ita

67 814 192 888 sentio,
219 815 354 887 iodim,
393 815 432 877 ad
455 827 488 878 te
510 816 685 903 explorate
712 814 830 881 scribo
872 816 1036 881 Dubitare
1062 828 1097 879 te

65 938 137 980 non
158 914 386 987 assentatorie,
409 913 464 978 sed
488 916 715 980 fraternet
660 927 748 982 vett).
794 915 943 1007 Quares
941 922 1097 982 uavttatis

69 1017 225 1100 equidem
244 1015 377 1080 nostrae
392 1016 554 1081 fruendae
570 1017 663 1081 causa
679 1037 836 1103 cuperem
852 1029 886 1081 te
902 1017 943 1083 ad
963 1018 998 1083 id
1014 1029 1098 1080 tem·

67 1139 133 1206 pus
159 1123 293 1191 venire,
334 1117 424 1200 quod
455 1117 607 1182 dixeras:
658 1115 821 1183 sed·illud
849 1119 937 1207 malo
965 1132 1097 1190 tamen,

13 1265 17 1270 -
68 1218 160 1301 quod
185 1231 299 1306 putas;
324 1224 448 1282 etenim
471 1223 584 1305 magni
608 1217 743 1282 aestimo
764 1219 991 1300 ἐμφιλιιφιίιιν
1006 1212 1100 1283 illam

66 1332 178 1392 tuam,
199 1331 233 1383 et
249 1319 509 1407 explicationem
524 1321 718 1382 debitorum
734 1332 883 1384 tuorum.
925 1319 1013 1384 Illud
1029 1323 1098 1402 qui·

20 1408 25 1413 ¹
68 1416 211 1484 demite
234 1417 377 1505 habeto,
406 1418 491 1485 nihil
511 1421 609 1484 nobis
633 1421 817 1508 expeditio,
846 1419 867 1483 fi
890 1419 1098 1505 valebimus,

67 1522 143 1588 fore
166 1521 386 1587 fortunatius.
430 1513 536 1586 Paruit
563 1518 656 1592 sunt,
692 1541 775 1604 quae
802 1522 939 1594 desunt,
973 1519 1097 1583 nostris

69 1622 205 1707 quidem
227 1626 398 1696 moribus,
421 1633 456 1686 et
480 1642 517 1684 ea
539 1617 613 1684 sunt
636 1620 678 1682 ad
700 1621 937 1709 explicandum
964 1618 1099 1705 expedi·

69 1721 206 1796 tissima,
248 1722 351 1788 modo
376 1721 557 1788 valeamus.
618 1719 781 1788 Ambitus
813 1724 903 1788 redit
927 1725 1097 1786 immanis.

446 1961 716 1979 ψ

69 2143 124 2199 tia
128 2141 280 2215 copiarum
302 2134 489 2219 nostrorum]
510 2135 564 2198 Ita
611 2131 786 2198 Tunstellut
805 2134 935 2197 locum'
927 2149 968 2194 tta
988 2129 1097 2193 consii-

70 2232 190 2288 correxi
212 2226 382 2308 vulgatam:
405 2230 488 2278 nect
477 2225 556 2280 t·ubo
612 2222 902 2300 tuendumputavit:
912 2223 1098 2301 quodputus,

68 2322 157 2383 runt,
195 2314 272 2387 quod
293 2330 358 2365 mea
384 2307 557 2383 conscientia
612 2326 752 2382 treugas,
771 2311 862 2363 etiam
877 2307 951 2364 illud
968 2317 1098 2377 (etenim

68 2400 224 2471 copiarum
252 2394 426 2468 nostrorum.
613 2394 717 2468 ietogni
738 2392 893 2467 aestimare
917 2393 966 2466 te)
991 2427 1027 2436 -
1068 2397 1098 2446 et

112 2471 399 2560 amentistomtnis]
431 2474 464 2535 P.
483 2471 555 2535 Clo·
613 2476 833 2550 expeditionem
864 2477 1029 2533 debitorum
1051 2484 1096 2529 tu·

69 2566 264 2727 dnsurrentinis
279 2646 416 2728 equidem
425 2639 556 2726 nostrae]

68 2731 196 2798 sortasse
218 2733 382 2813 legendum
399 2743 475 2790 tuoe.

112 2821 194 2902 quod
207 2828 314 2891 putam
329 2817 478 2872 etenim·
490 2819 554 2875 iuo-

612 2583 723 2621 rorum.
766 2561 802 2623 ln
833 2581 898 2643 quo
921 2559 1096 2636 expeditio

611 2667 679 2702 nem
699 2646 780 2706 bene
802 2647 843 2705 ed
865 2644 990 2706 sensum
1034 2641 1099 2702 Sed

612 2735 685 2811 quia
699 2726 799 2791 [latim
819 2735 954 2791 occurrit
975 2729 1097 2803 expedi-
1170 2784 1173 2789 .

612 2818 668 2889 tis,
687 2831 718 2876 et
739 2817 974 2893 expeditijsimo,
1008 2833 1098 2885 prae·

69 2903 158 2986 rum]
183 2903 289 2984 Vulgo
309 2897 350 2960 fic
371 2897 556 2984 legebantur
610 2901 772 2960 serendum
794 2900 836 2960 est
858 2921 917 2974 exp
919 2903 1098 2959 [irationem.

69 2990 147 3052 ista:
188 2989 270 3069 quod
301 2997 412 3059 putos;
458 2989 556 3060 magis

70 3081 161 3135 etium
177 3074 229 3129 illa
251 3072 381 3149 (etenim
396 3072 494 3147 magis
509 3088 555 3124 ue·

63 3163 155 3237 siimo
171 3161 237 3234 me)
260 3159 454 3228 α’μφιλαφιιιιν
473 3154 557 3210 issam

70 3253 196 3305 tuomet
216 3241 463 3315 exspectationem
479 3239 556 3295 debi-

71 3343 170 3392 torum
182 3341 308 3385 tuorum.
323 3327 417 3385 Cuius
430 3328 557 3404 quidem

69 3410 239 3495 scripturae
260 3409 429 3469 scabritiem
454 3428 557 3468 corre·

72 3506 176 3560 ctione
210 3495 314 3555 nostre
344 3492 557 3573 expolivimue

70 3586 195 3663 Nempe
215 3583 327 3640 Cicero
356 3578 514 3657 sperabat,
535 3573 558 3636 st

73 3671 206 3749 Quintus
221 3668 333 3725 diutius
349 3665 434 3742 apud
450 3660 559 3725 caeta-

70 3776 138 3829 rem
160 3765 316 3821 muneret,
348 3750 503 3819 sutu'rttm,
523 3759 559 3807 ut

72 3835 144 3900 mor
157 3841 196 3895 ad
206 3835 324 3912 amplas
333 3836 479 3913 pecuniae
488 3851 559 3909 per.

71 3928 209 3994 veniret,
231 3919 342 4001 quibus
358 3939 408 3978 eea
426 3916 560 3976 alienum

73 4005 254 4077 dissolvere,
287 4019 318 4064 et
338 4008 384 4062 rei
404 4001 560 4062 familiaris

71 4091 269 4157 difficultates
286 4087 439 4167 explicare
449 4080 560 4168 posset,

74 4211 76 4217 ⁴
118 4204 184 4266 (iic.⁴
196 4204 266 4272 Epp·
290 4203 365 4258 Tum.
383 4198 424 4253 ii.

611 2986 693 3044 Nam
712 2987 863 3061 explicare
883 2992 915 3046 itt
934 3008 967 3045 re
983 3003 1099 3064 ergen-

613 3074 689 3129 tttritt
712 3070 802 3150 saepe
825 3077 951 3149 ponitur
970 3090 1029 3150 pro
1047 3088 1099 3124 eo·

612 3156 733 3230 pedire,
756 3172 791 3215 ut
804 3155 901 3235 paulo
917 3154 1004 3234 poll,
1024 3161 1099 3211 item

613 3243 678 3298 aliia
703 3241 787 3318 apud
811 3240 994 3299 Ciceronem
1014 3237 1099 3298 locis.

613 3325 809 3399 α’μοιλαφιιαν
830 3326 870 3384 de
890 3328 988 3402 copiis
1005 3338 1034 3382 ei
1055 3323 1100 3380 sa·

614 3408 778 3469 cultatibua
803 3408 1010 3469 adtuendam
1033 3426 1101 3479 rem

614 3493 797 3554 semilierem
824 3491 855 3552 su
859 3491 1040 3553 sficientibue
1065 3503 1102 3550 ut

613 3576 703 3658 supra
725 3599 774 3657 ep
796 3589 872 3654 tot„
895 3591 925 3651 gi

659 3657 805 3744 ambitus]
828 3681 942 3741 nempe
958 3655 1103 3719 candide·

615 3761 721 3808 torum
745 3745 937 3815 consulatus,
969 3746 1054 3821 qui
1047 3762 1102 3798 nn·

616 3853 699 3891 mam
691 3831 823 3891 ambitu
836 3848 865 3890 et
882 3830 1065 3910 largitione
1059 3844 1104 3882 tn·

617 3931 666 3976 ter
684 3916 713 3977 se
730 3916 897 3977 certabunt.
941 3914 1035 3975 Erant
1051 3929 1104 3966 au·
1148 3988 1151 3995 Ι

617 4017 679 4062 tem
697 4018 833 4082 quatuor
847 4002 1023 4066 Memmius,
1039 3995 1104 4053 [io-
1151 4036 1158 4046 .

618 4090 740 4160 minui,
767 4087 916 4158 Scaurus,
944 4084 998 4142 M
1001 4079 1084 4140 stela.

965 4176 999 4242 N
1008 4267 1010 4271 ,
