2506 4808
317 367 319 370 ,
363 311 647 383 EPISTOLA
699 312 868 382 CLVII.
1068 334 1133 398 5¹5

104 517 138 567 et
158 507 449 588 contemptionem
468 499 687 569 Seleucianae
708 507 922 590 provinciae,
944 515 979 569 et
1001 501 1134 569 meher-

105 604 179 669 cule
206 628 284 672 cnm
307 603 448 671 Caesare
480 602 695 671 suavissimam
723 610 998 670 coniunctionem
1026 603 1131 688 (haec

105 712 194 769 enim
212 713 273 770 'me
304 727 371 769 una
395 727 438 769 ex
461 703 527 770 hoc
549 703 723 794 naufragio
747 706 860 772 tabula
882 706 1047 790 delectat')
1076 713 1134 793 qui

105 808 240 888 quidem
257 807 422 898 Quintum
435 827 566 881 meum,
586 820 770 893 tuumque,
792 811 838 875 dii
859 803 955 875 bonis
978 809 1133 893 quemad:

78 991 81 997 ¹
105 908 245 973 niodum
264 920 388 974 tractat
408 906 554 982 honore,
574 908 753 996 dignitate,
775 910 907 1000 gratia?
927 933 997 981 uon
1018 907 1133 985 secus,

106 1032 144 1073 ac
168 1008 189 1072 si
211 1033 276 1097 ego
297 1009 396 1075 essem
415 1014 612 1095 imperator.
654 1011 809 1078 Hiberna
822 1013 997 1103 legionum
1014 1009 1136 1100 eligen-

106 1113 141 1176 di
161 1119 254 1200 optio
275 1111 386 1177 delata
408 1110 646 1184 commodum,
667 1124 705 1178 ut
726 1114 769 1178 ad
789 1138 844 1181 me
865 1115 990 1181 scribit.
1032 1113 1134 1191 Hunc

107 1228 146 1277 tu
166 1237 239 1293 non
266 1209 382 1279 ames?
428 1234 529 1296 quem
553 1216 657 1298 igitur
676 1211 839 1281 istorum?
878 1216 949 1287 Sed
968 1214 1054 1281 heus
1077 1228 1135 1291 tu,

109 1313 347 1403 scripseramne
368 1317 430 1379 tibi
451 1337 505 1378 me
521 1311 583 1378 esse
605 1310 753 1402 legatum
769 1314 957 1405 Pompeio?
982 1330 1016 1383 et
1037 1329 1135 1383 extra

107 1420 228 1481 urbem
251 1416 388 1501 quidem
408 1416 481 1482 fore
498 1438 541 1480 ex
564 1416 645 1479 idib.
659 1411 753 1478 iani
774 1415 879 1493 visum
896 1416 945 1484 est
964 1416 1032 1484 hoc
1050 1405 1135 1483 mihi

108 1521 149 1583 ad
168 1520 273 1585 multa
293 1519 485 1603 quadrare.
516 1517 587 1584 Sed
604 1515 682 1600 quid
701 1514 823 1604 plura?
843 1540 978 1595 coram,
999 1524 1134 1608 opinor,

108 1623 252 1704 reliqua3
273 1636 311 1688 ut
331 1635 368 1701 tn
387 1633 500 1687 tamen
517 1620 641 1707 aliquid
655 1616 840 1709 exspectes.
883 1619 1043 1715 Dionylio
1064 1619 1135 1708 plu·

107 1731 227 1789 rimam
256 1714 408 1788 salutem:
446 1728 500 1788 cui
522 1721 658 1806 quidem
682 1714 752 1806 ego?
770 1740 841 1784 non
864 1723 966 1789 modo
991 1726 1135 1796 servavi,

109 1825 163 1890 sed
195 1833 295 1894 eiiam
317 1823 487 1890 aedificavi
515 1822 639 1887 locum.
684 1818 775 1909 Quid
799 1821 955 1904 quaeris?
988 1824 1030 1888 ad
1052 1814 1136 1890 suni·

109 1950 199 1991 mam
213 1929 370 1993 laetitiam
395 1945 522 1997 meam,
546 1946 645 2009 quam
662 1945 705 1986 ex
726 1934 788 1987 tuo
806 1924 919 1988 reditu
935 1933 1047 2013 capio,
1068 1949 1135 1990 ma·

103 2054 195 2121 ,gnus
218 2031 305 2096 illius
329 2029 475 2095 adventu
492 2024 647 2090 cumulus
665 2023 807 2089 accedit.
852 2025 929 2116 Quo
950 2026 1060 2091 dicad
1080 2046 1135 2092 me

112 2137 243 2205 venies,
261 2129 282 2195 fi
298 2152 352 2195 me
371 2149 479 2202 amaS,
500 2125 588 2214 apud
604 2147 752 2191 mecum
775 2132 843 2192 tuis
861 2147 1010 2209 maneas.

109 2552 217 2616 luillet.
261 2550 402 2617 Eundem
419 2565 536 2611 certum
551 2546 594 2609 est
650 2553 770 2609 bernam
792 2553 939 2629 legionem
961 2552 1093 2632 eligendi
1109 2574 1137 2614 v.

110 2643 352 2703 Ciceroniacum
370 2635 499 2696 Caesare
521 2655 593 2695 con·
652 2637 682 2696 d.
700 2634 762 2695 sine
781 2638 878 2696 dubio
896 2637 1044 2699 vitiosum.
1085 2637 1138 2711 Hi·

108 2731 299 2787 iunctionem
323 2720 407 2781 haud
431 2720 496 2780 saria
521 2741 595 2800 pro·
651 2726 833 2799 bernnlegio
850 2719 935 2780 nihili
958 2722 1009 2784 est.
1056 2724 1139 2786 Pnr‘o

108 2808 201 2871 balle.
243 2805 455 2888 Itaquesupra
472 2805 595 2864 adeum
651 2805 818 2889 legendum
849 2819 878 2864 et
905 2809 1023 2866 lu'berno
1044 2811 1138 2888 legio·

111 2896 267 2975 scripserat
288 2896 344 2972 Ep.
363 2903 429 2970 ¹49·
460 2887 594 2965 Caesaris
631 2913 720 2949 num
736 2895 867 2970 eligendi
881 2914 907 2953 o.
923 2896 951 2952 d.
995 2897 1076 2955 Nam
1096 2895 1140 2954 lo·

112 2983 202 3040 ninici
225 2987 294 3053 (ane
314 2979 380 3033 dico
402 2987 431 3035 et
455 2975 593 3049 Oppium,
652 2982 771 3058 giones,
784 2979 894 3057 quibus
909 2997 1062 3056 praeerat,
1073 3001 1140 3041 mu·

112 3066 358 3138 dirumparis
380 3063 490 3138 liceat)
652 3079 730 3121 tatas
745 3083 809 3122 non
825 3064 972 3123 credibile
989 3061 1040 3126 eli.
1082 3058 1141 3127 Ac·

155 3145 361 3228 Seleucianae]
386 3148 436 3205 Sic
458 3145 529 3206 edd.
548 3165 595 3224 pr.
639 3153 736 3226 ,cepit
749 3165 851 3207 autam
868 3147 996 3209 hiberna
1017 3154 1048 3210 in
1062 3150 1142 3211 Ner·

112 3253 145 3298 et
166 3230 233 3296 Mis.
260 3233 402 3313 plerique
423 3224 598 3312 inlelligunt
653 3236 708 3291 viis
733 3232 773 3291 ad
796 3232 837 3313 Q.
861 3234 908 3294 Fr.
923 3234 976 3297 Ill.
998 3246 1028 3306 8.
1054 3231 1140 3311 (hui.

112 3317 425 3408 SyriamsCiliciam.
469 3312 604 3375 Inurrai
655 3318 703 3376 ed.
724 3337 773 3395 ep.
792 3321 881 3396 158.)
924 3318 1141 3380 Firmatlocoa

114 3429 176 3490 que
192 3402 234 3464 est
250 3403 321 3463 urbs
336 3402 474 3460 Seleucia
493 3398 598 3458 Boius
656 3402 696 3460 ad
716 3405 777 3462 Ati.
801 3405 837 3462 V.
862 3425 909 3464 21.
953 3405 1006 3464 ubi
1029 3406 1140 3465 Cicero

113 3488 214 3555 eMii.
244 3488 300 3548 suis
321 3487 419 3546 edidit
443 3481 599 3544 Silicinnae
656 3487 729 3546 dicit
746 3486 909 3548 sesratrem
921 3490 1045 3547 hibernis
1055 3510 1141 3564 prae·

114 3616 152 3627 ..
191 3573 314 3649 Ernesti.
646 3569 762 3647 fecisse.
784 3573 852 3630 Nec
867 3575 1003 3635 darbitavi
1019 3571 1060 3637 fic
1074 3595 1145 3636 cor·

156 3662 274 3718 hiberna
296 3660 446 3735 legionum
469 3654 601 3730 eligendi
655 3661 766 3742 rigere.
808 3651 937 3738 Ernesti.
1122 3687 1125 3695 ’

116 3740 341 3826 optiodelaia]
361 3743 532 3823 Vulgarum
556 3741 598 3795 lii-
682 3780 685 3785 ,
