2506 4808
314 305 601 377 EPISTOLA
646 309 879 378 CXLVIII.
1056 331 1117 400 245

76 494 265 560 exstitisset:
289 519 356 559 non
380 495 511 569 dicam,
533 495 613 578 quid
637 497 815 569 acciderit,
835 496 1046 578 (multorum
1066 498 1113 563 est

76 604 187 671 enim,
207 611 240 660 et
254 605 346 662 varia
362 598 500 686 culpa3)
524 610 655 661 tantum
672 599 780 662 dicam
804 600 916 669 brevi,
937 623 1006 662 non
1029 597 1112 667 mih-t

74 703 283 772 exercitum,
305 699 359 762 leel
382 693 486 765 duces
513 698 662 763 defuisse.
705 701 744 763 ln
767 721 852 782 quo,
877 705 1000 762 utiam
1020 697 1112 767 fitiu

74 805 115 863 iis
139 799 253 884 culpa,
278 806 334 880 qui
358 823 412 864 me
434 823 505 864 non
523 800 769 864 deterruerunt:
796 824 865 865 non
882 806 993 865 minor
1013 801 1110 865 estin

73 887 135 974 tis,
160 906 216 981 qui
239 900 465 983 reliquerunt3
490 915 542 974 et,
568 901 587 964 sr
611 902 785 966 accusandi
807 900 898 973 sunt,
920 900 1014 984 siqui
1035 923 1108 989 per·

76 1007 286 1065 timuerunt:
306 1009 411 1089 magis
429 1011 528 1066 etiam
546 1001 836 1089 reprelremlemli,
859 999 949 1088 siqui
967 1004 998 1068 se
1014 1009 1109 1067 time·

74 1126 112 1167 re
135 1103 339 1167 iirmrlatunt.
381 1104 469 1168 lllurl
492 1103 627 1186 quidem
647 1116 742 1166 certe
764 1103 916 1168 nostrum
935 1104 1106 1171 confilium

75 1210 147 1269 iure
167 1203 374 1266 laudandum
399 1205 463 1276 est,
484 1210 539 1286 qui
555 1225 649 1267 meos
671 1211 762 1268 cives
787 1218 818 1268 et
833 1227 851 1267 a
865 1228 920 1269 me
937 1205 1107 1281 conserva·

74 1319 151 1379 tou,
175 1319 208 1368 et
231 1329 284 1370 me
309 1305 436 1370 servare
460 1311 652 1391 cupienteS,
676 1304 830 1391 spoliatus
856 1306 1019 1379 (lucibuS,
1045 1304 1108 1369 ser·

75 1413 125 1474 vis
149 1414 284 1471 armatis
306 1409 408 1469 obiici
433 1406 617 1479 noluerim,
656 1405 887 1488 declararique
913 1406 1107 1478 maluerim,

75 1523 199 1593 quanta
224 1516 272 1574 vis
297 1507 361 1572 elle
385 1506 542 1594 potuisset
566 1513 600 1570 in
626 1505 786 1570 consensu
808 1511 996 1581 banorum,
1020 1505 1105 1571 fiiis

72 1633 134 1698 pru
150 1634 204 1675 me
227 1611 332 1674 stante
353 1630 502 1696 pugnare
525 1607 686 1682 licuisset,
709 1632 810 1692 quum
831 1609 995 1674 afflictum
1019 1612 1108 1671 exci-

72 1725 145 1773 tare
161 1711 353 1796 potuissent.
399 1711 553 1796 Quorum
571 1711 708 1786 quidem
725 1718 873 1774 animum
889 1723 927 1772 tu
943 1733 1014 1773 non
1030 1730 1106 1795 per-

74 1810 206 1895 spexisti
228 1811 350 1883 solum,
373 1833 473 1892 quum
494 1809 536 1871 de
555 1831 609 1871 me
625 1832 760 1897 ageres,
786 1812 959 1874 sedetiam
986 1807 1105 1872 confir-

73 1913 184 1985 masti,
207 1927 305 1996 atque
328 1909 472 1974 tenuisti.
519 1908 594 1999 Qua
616 1915 649 1974 iu
673 1911 766 1975 caula
799 1918 888 1993 (non
912 1911 1015 1972 modo
1035 1932 1105 1973 non

73 2018 222 2100 negabo,
244 2013 415 2077 sedetiam
432 2011 562 2096 semper
579 2024 611 2073 et
631 2019 835 2085 meminero,
855 2026 888 2076 et
903 2011 1105 2098 praedicabo

72 2115 239 2199 libenter)
271 2114 347 2178 usus
378 2135 414 2177 es
437 2115 638 2195 quibusdam
658 2110 865 2177 nobilil'fimis
889 2112 1104 2184 lrumiuibuS,

72 2217 271 2280 fortioribus
295 2221 331 2280 in
348 2237 402 2278 me
424 2212 650 2288 restituendo,
672 2236 771 2304 quam
792 2216 926 2282 fueraut
949 2215 1052 2279 iidem
1068 2218 1105 2277 in

455 2423 722 2437 W

114 2575 172 2611 non
191 2553 406 2638 defenderunt]
428 2572 463 2616 ut
480 2556 559 2617 Cae·
615 2552 712 2616 tensio
727 2552 767 2613 ste
781 2550 834 2615 lib.
848 2553 927 2614 tad
936 2557 975 2636 Q.
989 2556 1038 2618 Fr.
1051 2575 1103 2635 ep.

71 2636 118 2699 lar
134 2657 165 2699 et
179 2637 309 2702 cratim.

113 2726 312 2809 reliquerunt]
330 2726 455 2805 reliquit
475 2745 558 2797 eum,

69 2826 195 2890 praeter
217 2828 355 2881 ceteros,
379 2813 557 2891 Pompeius,

70 2895 226 2975 pollicitus
249 2917 314 2956 non
338 2895 447 2965 semel,
479 2895 509 2957 se
530 2900 559 2954 ei

69 2999 230 3060 nunquam
265 2983 454 3043 defuturum.
508 2981 559 3040 De

72 3085 136 3145 quo
151 3063 304 3133 fieliult.
321 3067 360 3126 ad
373 3071 432 3125 An.
448 3087 497 3144 ep.
509 3085 558 3124 20.

69 3157 83 3221 (
95 3149 123 3209 h.
140 3152 188 3210 ed.
206 3172 255 3228 ep.
265 3164 285 3226 ,sp
297 3155 332 3227 i)
367 3147 488 3208 Clodius
505 3154 557 3207 ad·

72 3237 125 3292 huc
134 3239 206 3292 mitt
214 3239 368 3292 denuntiat
376 3239 537 3309 periculum
545 3257 557 3303 ;

73 3318 230 3393 Pompeius
254 3320 391 3391 ussirmut
420 3344 476 3377 urm
504 3323 559 3394 esse

71 3410 256 3481 periculum
296 3409 435 3476 adiurat,
473 3408 559 3463 addit

73 3494 164 3548 etiam
181 3493 215 3566 se
229 3495 313 3566 prius
327 3493 449 3565 occisum
465 3493 504 3547 iri
524 3493 559 3548 ab

72 3598 116 3645 co,
142 3599 232 3656 quam
247 3599 294 3635 me
310 3580 454 3636 violatum
468 3578 559 3635 iri.-

72 3657 192 3718 Manat.

106 3740 306 3828 simularunt]
328 3741 474 3827 fignificat
493 3763 559 3815 θοε,

616 2645 644 2704 3.
665 2639 709 2715 (b.
729 2640 778 2699 ed.
791 2661 840 2718 ep.
853 2641 915 2718 63.)
932 2644 1103 2716 mesumma

607 2728 799 2802 simulatione
820 2727 949 2810 artzorss,
971 2728 1101 2799 summa·

615 2832 668 2888 qaae
681 2812 849 2886 assiduitate
859 2814 1029 2885 quotidiana
1039 2815 1101 2886 sce·

615 2899 788 2972 leretsii'rrze
834 2897 1103 2978 insidr'osiffimeque
1175 2896 1180 2909 ⁸

614 2984 765 3040 tractauit.
790 3010 826 3023 -·
856 2977 976 3042 Manet.

648 3068 746 3140 seruis
761 3069 884 3123 armatis
905 3067 992 3124 obiici
1004 3069 1103 3124 nolue-

615 3150 695 3232 rim]
717 3154 818 3229 Saepe
832 3149 894 3210 hoc
908 3152 1019 3211 Cicero
1034 3151 1103 3233 glo·

614 3241 712 3294 rietur
731 3251 766 3292 ut
783 3235 869 3302 Orat,
883 3257 944 3315 pro
961 3238 1044 3294 Sext.
1073 3257 1099 3297 e.

616 3341 664 3380 20.
676 3322 799 3379 ¹Servos
817 3337 918 3380 eutem
939 3318 1101 3402 fignificat,

615 3425 695 3482 quos
717 3400 772 3463 fibi
794 3405 1011 3465 conciliaverat
1028 3404 1103 3466 Clo·

615 3491 683 3548 dius
717 3489 922 3571 collegiorum
954 3493 1101 3564 nomine3

615 3575 655 3632 de
675 3574 786 3652 quibus
803 3590 881 3634 orat.
901 3578 931 3632 in
949 3572 1004 3633 Pis.
1028 3595 1055 3632 c.
1070 3583 1101 3650 4.

616 3661 753 3735 collegia,
776 3679 833 3715 nrm
846 3681 883 3715 aa
895 3661 1003 3734 saltem,
1024 3678 1102 3736 quac

608 3745 728 3819 senatus
743 3745 920 3819 sustulerat,
949 3745 1101 3818 restituta,

73 3833 127 3909 qui
155 3831 300 3889 Ciceroni
326 3844 466 3889 auctores
492 3830 562 3888 sue·
608 3832 664 3903 sed
703 3831 926 3888 inurunerubilia
960 3830 1104 3906 quaedam

71 3929 162 3986 runt,
184 3933 219 3973 ut
229 3911 344 3973 Clodio
360 3913 495 3984 cederet,
513 3933 561 3974 -ne
617 3935 695 3975 noua
715 3935 754 3972 ex
777 3917 857 3970 omtu'
874 3911 946 3983 fece
968 3915 1044 3970 urbis
1068 3932 1104 3970 ac

71 4005 152 4058 inter
180 4002 260 4058 cives
285 3997 455 4077 perniciosa
486 4017 561 4058 con·
610 4001 736 4076 servitio
757 4003 913 4059 concitata.
932 4014 960 4058 et
985 4003 1016 4058 in
1034 3998 1103 4059 eed-

72 4089 173 4147 teutio
188 4086 380 4145 excitaretur.
423 4085 562 4145 Del-lor·
617 4081 806 4165 paulopost
828 4091 899 4149 c.5.
940 4079 1061 4145 Manat.
