2506 4808
133 315 178 390 24
461 296 749 368 nersronA
791 299 844 367 x,

135 490 270 571 lacere,
308 502 422 554 certus
443 493 508 552 erit
533 494 747 575 competitor.
798 488 853 555 De
876 484 1034 563 Aufidio,
1069 511 1085 554 e

135 590 308 663 Palicano,
336 612 409 655 nou
427 603 509 676 puto
528 601 561 653 te
579 588 776 676 exspectare
791 590 875 656 dum
890 589 1043 655 scribam.

106 720 126 759 ἰ
220 692 275 757 De
291 697 353 765 iis,
378 697 436 774 qui
458 712 550 757 nuno
573 701 714 779 petunt,
745 690 867 757 Caesar
887 704 1002 756 certus
1023 705 1085 778 put

4 813 8 816 ·
137 791 315 859 Thermus
340 816 420 859 cunr
436 791 554 859 Silano
574 791 785 855 contendere
803 789 1028 874 existimatum
1056 817 1085 876 qi

135 901 256 982 inopes
279 906 314 958 et
336 896 377 958 ab
402 900 540 966 amicis,
572 905 606 956 et
631 893 876 959 existimatione
904 894 996 968 sunt,
1027 906 1066 958 ut

135 998 293 1076 'videatur
307 1019 380 1073 ¹non
393 995 459 1061 esse
474 991 626 1066 edivam
641 994 785 1061 Curium
798 997 980 1063 obducere.
1021 993 1085 1061 Sed

180 1345 219 1402 de
240 1336 385 1417 Aufidio]
436 1340 476 1399 Τ.
500 1336 627 1400 Aufidio
686 1342 750 1398 cius
766 1337 892 1420 Figulus
907 1338 1083 1420 appellatus

139 1427 228 1487 Orat.
247 1447 309 1506 pro
324 1425 424 1485 Flacc.
447 1446 474 1486 c.
518 1440 550 1483 et
569 1426 629 1482 Va·
686 1427 760 1482 nius.
784 1421 899 1483 Consul
914 1426 1013 1484 sactus
1031 1447 1085 1485 anr

136 1511 195 1572 lor.
223 1511 309 1571 Max.
332 1510 387 1570 Vs.
414 1529 462 1569 io.
499 1507 558 1568 suit
582 1507 628 1568 hir
687 1523 804 1591 querite
825 1529 895 1566 cnm
908 1510 943 1567 L.
958 1511 1014 1569 lul.
1033 1513 1085 1570 Ca«

136 1595 333 1675 temporibus
358 1599 450 1655 etiam
473 1594 520 1654 M.
544 1592 629 1652 Aufi-
730 1616 796 1651 cum
821 1587 942 1676 Silano]
990 1616 1085 1674 nemp

138 1681 208 1742 dius
232 1682 345 1741 Lurco.
388 1682 492 1739 Varro
520 1679 561 1739 de
580 1679 629 1737 Re
685 1678 1085 1760 InnioSilano‚quiconsul

137 1762 225 1828 Rust.
248 1765 302 1826 HL
326 1765 355 1825 6.
380 1761 436 1824 nisi
465 1765 547 1824 forte
570 1764 629 1824 Cu.
687 1761 774 1848 geffit
791 1768 825 1824 Α.
839 1764 877 1822 U.
899 1765 934 1823 C.
956 1765 1027 1843 691.

138 1849 298 1912 Aufidium
312 1847 455 1910 Orestem
471 1846 629 1933 fignificat.
733 1845 857 1906 Curium
873 1851 1029 1930 obducere]
1052 1851 1081 1908 D

143 1933 273 1995 carrae.
686 1949 742 2014 pat
757 1931 786 1991 b.
802 1933 822 1993 Ι.
839 1935 939 1995 codex
946 1935 1085 1994 Tornaei

182 2015 345 2100 Palicano]
388 2018 435 2078 M.
450 2016 555 2079 Lollio
573 2017 631 2077 Pa·
689 2019 728 2078 ab
743 2019 808 2078 aliis
823 2018 906 2079 libris
917 2021 1012 2078 Msns
1026 2041 1085 2099 quc

139 2106 262 2178 lirano,
292 2122 388 2185 quem
411 2101 524 2163 abhinc
544 2121 630 2162 anno
687 2103 808 2163 bernus.
854 2105 937 2164 Nam
966 2126 1027 2184 pro
1053 2101 1085 2163 Cr

140 2195 235 2252 tertio
277 2185 453 2250 consulatur
485 2186 632 2248 candida·
689 2209 750 2270 qua
767 2192 799 2248 in
812 2187 948 2250 lectione
963 2197 1085 2251 ceterio

81 2344 86 2357 1
140 2292 207 2338 turn
233 2275 269 2334 C.
287 2271 357 2333 Piso
378 2270 486 2333 consul
506 2275 633 2355 negavit
689 2271 884 2334 consentiunt
926 2275 991 2334 edit
1041 2271 1083 2332 To

140 2360 190 2432 se,
210 2357 370 2420 ficreatur
385 2353 633 2418 effetrenuntia·
689 2359 758 2418 Nos
793 2353 919 2416 Curium
955 2360 1085 2439 probavi

140 2441 331 2529 turum,·se
358 2463 426 2504 non
460 2438 633 2503 existimare
688 2458 780 2506 notat
804 2448 886 2503 enirn
913 2445 1024 2506 Cicero
1053 2447 1085 2526 Q.

140 2534 233 2592 tantis
254 2527 390 2591 tenebris
416 2524 547 2588 offusam
571 2522 633 2587 esse
689 2530 778 2600 rium,
794 2527 1021 2613 virumflagitiia
1031 2548 1084 2610 atq

140 2617 254 2695 Remp.
292 2629 328 2673 ut
367 2611 429 2675 huc
468 2614 634 2696 indignita·
690 2613 847 2674 cineribus
865 2631 1085 2694 cooperiunt

142 2703 360 2762 inveniretur.
384 2700 459 2780 Quo
468 2697 541 2759 sane
555 2697 634 2758 libe·
691 2697 839 2759 Censores
861 2702 972 2778 probri
992 2701 1080 2760 causa

142 2807 181 2848 ro
199 2785 285 2845 dicto
308 2782 502 2844 consulatum
524 2787 553 2843 ei
574 2787 634 2842 ari·
690 2800 765 2844 natu
798 2801 979 2854 moverant,
1019 2802 1053 2846 ut
1081 2811 1085 2847 :

143 2875 223 2954 puit.
264 2867 400 2930 Historia
416 2867 459 2930 est
472 2868 558 2947 apud
571 2870 635 2928 Va·
692 2865 860 2929 Sallustius.
884 2871 1085 2951 Itaquequur

142 2958 254 3018 lerium
278 2956 362 3016 Max.
389 2954 443 3015 lib.
465 2953 518 3015 nt
550 2973 578 3015 c.
602 2965 634 3025 8.
691 2952 736 3013 let
761 2951 926 3016 ostendere
946 2954 1085 3015 Thermu

145 3038 279 3116 Molasp.
691 3038 829 3099 Silanum
853 3046 953 3122 gratia
980 3048 1085 3102 etexit

188 3147 218 3185 2.
241 3128 292 3203 qui
311 3146 386 3183 nunc
403 3120 528 3203 petunt]
573 3117 633 3181 scis.
692 3127 798 3195 tione,
835 3146 901 3205 quo
930 3142 1074 3205 tempore

144 3225 181 3270 nt
208 3208 348 3290 sequenti
375 3230 459 3271 euno
495 3202 635 3267 consuler
692 3207 856 3279 scribebat,
872 3212 1085 3290 parnmvaleri

144 3295 239 3364 fiaut3
265 3315 330 3375 quo
347 3294 460 3354 Cicero
482 3294 537 3373 qui
553 3311 638 3352 nuuc
694 3315 765 3355 cum
781 3293 1017 3375 despicatissimo
1037 3296 1085 3358 ili<

146 3395 268 3441 tautum
281 3376 464 3460 prensabat,
483 3378 638 3457 petiturus
694 3388 899 3459 comparavit,
918 3386 1024 3461 aitque
1041 3384 1085 3442 a'i:

147 3480 225 3529 arat.
692 3485 759 3526 non
774 3461 835 3526 eise
855 3467 944 3527 illum
967 3467 1085 3528 adversi

194 3547 321 3629 Caesar]
363 3545 508 3607 L.1uliua
524 3543 639 3607 Caesar
694 3551 866 3612 duceread
881 3553 1085 3631 petendum(

102 3624 107 3634 ’
148 3639 204 3717 qni
233 3652 319 3695 anno
344 3633 416 3712 689.
446 3627 639 3693 consulatum
694 3635 801 3697 latum.
854 3635 906 3697 Est
930 3658 1007 3719 ergo
1032 3644 1085 3696 obri

149 3717 246 3806 geffit.
695 3719 831 3800 aliquem
858 3725 1085 3786 contraducere

197 3799 353 3884 Thermus]
386 3798 640 3875 best.C.Minu·
696 3805 787 3865 alteri
803 3805 989 3869 adversetur.
1025 3813 1076 3870 Sic

149 3894 210 3951 tius
233 3888 406 3960 Thermus,
432 3892 487 3968 qui
507 3886 579 3967 post
602 3909 641 3950 ex
697 3913 763 3949 cere
785 3896 950 3952 exereitum
965 3894 1041 3957 dixit
1058 3899 1085 3958 P.

150 3976 327 4055 adoptione
341 3973 640 4055 quominsamiliam
697 3975 863 4040 Pseudolo.
911 3974 1022 4051 Rufius.

150 4063 318 4142 patriciam
327 4054 501 4135 transiisset,
511 4059 641 4121 C.Mar·
