2506 4808
55 421 201 527 tarem,
234 424 284 508 ab
302 456 426 535 eaque
446 410 738 534 saepenumerd,
761 431 829 508 ubi
848 454 916 547 res¹
931 442 970 508 et
991 433 1089 507 veri*

62 589 112 644 tas
128 569 344 671 postularet
370 570 622 645 discederem.
680 571 728 642 Et
755 568 818 649 hio
838 569 1007 671 quidem·
1021 569 1088 643 des

69 705 211 806 plorare
229 706 325 780 libet
337 702 571 779 tristissimam·
581 705 853 798 calamitatem,
877 729 977 807 quae
993 690 1090 804 opita

71 867 157 913 nam
212 839 462 941 Epistolarum
509 841 559 915 ad
600 841 818 916 Familiares
864 841 1091 931 editionem,

57 964 391 1078 quamVir‘lotlge
414 948 640 1051 doctiffimus
654 979 714 1050 Io.
731 974 920 1076 Aloyflus
934 964 1092 1072 Marsy*

59 1116 325 1213 rai-Lagaria
345 1111 569 1205 instituerat,
615 1111 783 1212 abrupit,
820 1113 1094 1211 egregiamque

59 1246 184 1348 spem,
213 1249 396 1350 quamde
412 1276 457 1323 ea
473 1252 541 1322 viri
560 1249 699 1324 eruditi
720 1253 994 1348 conceperant,
1008 1243 1094 1317 sere

57 1402 180 1458 totam
195 1382 390 1461 destituit..
419 1386 574 1485 Quippe
595 1411 712 1485 quum
739 1384 787 1459 ab
811 1410 857 1458 eo
877 1400 1000 1457 textus
1031 1377 1094 1453 sex
1200 1472 1205 1481 1

56 1525 235 1622 priorum
256 1519 442 1592 librorum
468 1521 590 1594 editus
615 1519 720 1613 ellet,
763 1523 1005 1623 repentinum
1032 1540 1117 1590 εον

60 1657 170 1728 dium
197 1656 422 1730 incendium
449 1655 646 1731 hominem
671 1656 831 1732 meliore
859 1655 1012 1730 fortuna
1040 1652 1095 1725 di·

58 1789 273 1893 gniffimum
297 1791 480 1893 perculit,
516 1818 562 1867 ac
584 1818 664 1867 non
693 1791 810 1867 solum
839 1816 1017 1892 magnam
1039 1788 1096 1862 sa·
1133 1796 1136 1800 ’

65 1929 248 2003 cultatum
281 1950 449 2031 partem,
485 1933 656 2030 inprimis
680 1933 870 2031 egregiam
892 1923 1097 2001 bibliothe⁴

21 2068 29 2090 ⁹
64 2090 170 2157 carn,
201 2064 266 2141 sed
285 2070 398 2141 etiam
415 2091 547 2141 omnes
567 2070 645 2139 eius
662 2068 956 2140 commentarios
967 2064 1008 2138 in
1023 2065 1096 2136 Lu·

61 2230 219 2295 canum,
242 2204 440 2277 Ciceronis
456 2199 646 2302 epistolas,
672 2202 841 2301 aliosque
857 2220 1031 2274 auctores
1046 2203 1098 2272 ir-

60 2338 273 2439 reparabili
297 2339 438 2411 damno
462 2335 668 2438 absumpsit.
731 2336 961 2437 Ubicunque
983 2340 1097 2436 igitur

61 2475 110 2548 ab
126 2473 289 2548 Ernestii
302 2473 524 2550 recensione
541 2474 819 2549 discedendum
836 2471 935 2561 esset,
956 2470 996 2544 id
1013 2471 1098 2544 bre·

60 2615 162 2683 viter
188 2610 319 2686 addita
341 2615 557 2685 mutationis
591 2609 700 2684 causa
722 2614 762 2682 in
790 2613 890 2683 notis
919 2591 1097 2682 indicavi.

63 2747 250 2819 Ceterum
280 2745 515 2847 ¹farraginem
558 2747 853 2846 discrepantium
889 2744 1098 2818 lectionum

64 2908 169 2981 quae
191 2882 287 2954 nihil
313 2883 363 2975 ad
384 2886 580 2956 veritatem
602 2881 806 2982 scripturae
829 2877 1098 2980 reperiendum

63 3015 306 3117 prodessent,
335 3044 489 3092 omnem
513 3016 754 3118 praetermisi.
867 3040 901 3067 -··

170 3154 216 3224 In
240 3153 387 3255 reliqua
410 3159 654 3228 annotatione
678 3153 782 3227 hunc
804 3149 961 3225 modum
981 3152 1099 3243 tenui,

70 3307 111 3361 ut
136 3280 238 3389 duae
269 3287 478 3388 superiores
509 3291 672 3364 editores
701 3291 749 3363 ad
773 3286 962 3372 historiam
989 3286 1100 3386 potis·

67 3422 204 3498 fimum
228 3423 503 3516 illustrandam,
537 3445 574 3500 et
597 3453 657 3500 res
684 3427 734 3501 de
755 3426 892 3526 quibus
914 3443 1100 3523 ageretur,

70 3561 319 3659 explicandas
358 3560 571 3652 attulissent,
622 3589 669 3636 ex
705 3560 761 3634 his
806 3589 851 3637 ea
887 3559 1100 3660 seligerem,

67 3695 300 3797 quaemihi,
332 3696 596 3773 obscuritatem
624 3666 788 3798 aliquam
813 3718 877 3771 aut
901 3697 1101 3771 dubitatio-

66 3861 177 3926 nem,
237 3831 450 3907 breviffime
490 3852 528 3906 et
572 3833 792 3908 lucidissime
833 3834 1016 3934 expedire
1048 3831 1102 3900 vi.-

79 3969 272 4046 derentur.
348 3967 395 4039 Et
428 3967 485 4042 lais
513 3969 670 4068 quidem
700 3968 1007 4056 annotationibus
1038 3989 1103 4036 au·
