2506 4808
142 365 206 431 ,ιο
398 338 677 412 emstoLA
717 338 926 411 cxtvn.

147 535 254 602 deris.
276 532 394 617 Itaque
410 544 445 596 te
460 552 677 596 commovere
692 553 761 596 non
775 550 887 595 curas.
909 529 1194 618 „Usquequaque

147 634 262 723 supere
277 646 426 722 oportet.
469 634 505 698 Id
526 639 591 698 erit
603 632 709 696 telum
725 638 967 698 acerrimum.“
1009 634 1088 722 Ego
1106 633 1128 698 fi
1146 638 1195 700 fo·

148 743 198 804 ris
225 743 427 810 mitatem,
461 732 527 799 Gn.
552 734 713 808 Octavio,
750 732 902 799 familiari
925 747 1006 809 tuo,
1042 757 1115 801 non
1139 737 1193 801 de·

149 836 292 906 fuissem.
336 836 402 902 Cui
423 849 538 902 tamen
560 837 646 909 dixi,
671 858 774 920 quum
795 856 851 900 me
868 835 1053 920 aliquoties
1075 843 1193 903 invita-

150 951 220 1005 ret:
251 935 324 1005 Oro
347 951 401 1013 te,
426 943 499 1022 quis
525 950 563 1001 tu
586 935 647 1002 es‘?
671 933 745 1003 Sed
766 932 998 1010 mehercules,
1022 951 1125 1003 extra
1148 945 1192 1004 io·

152 1060 244 1112 cum,
268 1034 371 1108 homo
386 1041 495 1107 bellus
514 1038 570 1105 est.
612 1038 744 1103 Vellem
761 1060 837 1106 eum
850 1051 965 1105 tecum
982 1039 1190 1106 abduxisses.

152 1138 243 1238 Quid
261 1146 386 1228 agatis,
410 1155 444 1207 et
461 1143 583 1226 ecquid
603 1147 639 1206 in
651 1141 777 1206 Italiam
792 1145 927 1205 venturi
951 1136 1024 1206 fitis
1043 1139 1110 1206 hac
1126 1140 1191 1208 hie-

151 1262 225 1315 me,
246 1242 298 1307 fac
318 1241 416 1329 plane
437 1241 546 1307 sciam.
589 1240 714 1306 Balbus
737 1238 820 1305 mihi
835 1239 1074 1317 confirmavit,
1095 1257 1132 1309 te
1148 1245 1192 1310 di·

152 1347 257 1410 vitem
279 1342 444 1406 futurum.
487 1343 526 1406 Id
542 1354 658 1407 utrum
673 1340 828 1407 Romano
848 1363 944 1405 more
967 1342 1114 1412 locutus
1140 1346 1191 1422 fit,

151 1446 241 1507 bene
263 1457 474 1512 nummatum
491 1456 525 1507 te
550 1443 719 1519 futurum,
741 1463 801 1537 au3
823 1443 995 1526 quomodo
1012 1445 1130 1514 Stoici
1149 1449 1193 1514 di·

154 1555 257 1617 cunt,
279 1565 397 1608 omnes
415 1542 479 1608 esse
494 1543 636 1615 divites,
661 1549 717 1628 qui
736 1543 845 1617 caelo,
863 1556 896 1606 et
913 1555 1010 1608 terra
1034 1538 1108 1614 frui
1126 1551 1193 1638 pos·

154 1638 235 1720 unt,
271 1643 383 1734 postea
410 1644 538 1713 videro.
584 1642 652 1736 Qui
680 1645 776 1711 istinc
795 1650 955 1721 veniunt,
997 1645 1193 1736 superbiam

154 1756 248 1812 tuam
273 1746 454 1836 accusem,-
486 1747 577 1832 quod
595 1760 721 1835 negant
748 1759 782 1811 te
808 1755 1122 1832 percunctantibus
1149 1775 1194 1817 re·

153 1844 331 1935 spondere.
375 1846 449 1915 Sed
485 1861 599 1913 tamen
634 1848 681 1912 est
719 1848 809 1932 quod
849 1847 1003 1933 gaudeas.
1054 1854 1192 1920 Constat

157 1954 250 2013 enim
261 1956 352 2016 inter
366 1970 506 2024 omnes,
528 1956 701 2020 nemiuem
723 1963 845 2017 tenuo
861 1947 1132 2022 Samarobrivae
1150 1961 1192 2025 iu·

154 2054 203 2117 ris
216 2056 413 2138 peritiorem
428 2050 502 2120 esse.

205 2244 486 2319 EPISTOLA
519 2247 741 2328 CYLVHI.
793 2237 867 2332 (ad
895 2241 994 2320 DiV·
1029 2249 1062 2320 Ι.
1097 2251 1150 2347 9.)

322 2410 386 2471 Ser.
407 2409 530 2470 Romae
551 2407 654 2470 mense
674 2411 760 2489 Sept.
782 2408 817 2470 A.
834 2409 872 2471 U.
887 2411 923 2471 C.
947 2413 1024 2494 699.

156 2554 292 2625 Primum
312 2556 430 2618 Lentuli
454 2564 557 2620 literas
580 2562 639 2637 siti
661 2562 855 2636 periucundus
868 2558 965 2637 fuisse
989 2566 1189 2644 demonstrat,

198 2663 276 2737 quod
293 2673 384 2738 grata
399 2663 454 2737 sua
474 2684 548 2740 erga
564 2664 656 2738 ipsum
671 2664 773 2738 studia
789 2663 844 2739 effe
858 2664 1020 2739 scripserit
1025 2688 1042 2738 ,·
1072 2690 1190 2752 eumque

199 2766 389 2839 imperatoris
410 2765 529 2822 nomine
549 2775 705 2836 ornatum,
726 2775 755 2822 et
768 2765 955 2838 prouinciam
972 2788 1044 2827 cum
1063 2776 1189 2831 exercitu

197 2866 312 2924 victore
327 2869 457 2924 obtinere
472 2869 601 2927 laetatur
623 2885 649 2925 1.
693 2866 799 2925 deinde
815 2868 893 2942 quod
912 2863 1063 2930 Lentulus
1074 2877 1186 2952 scripse·

194 2976 262 3039 rat,
279 2968 313 3042 se
336 2967 413 3045 quod
430 2962 533 3025 Cicero
558 2986 623 3023 cum
640 2962 775 3042 'Caesare
794 2977 824 3023 et
844 2963 942 3042 Appio
965 2973 997 3030 in
1012 2984 1119 3052 gratia
1130 2979 1187 3055 fit,

196 3068 276 3127 haud
289 3069 517 3142 reprehendere,
540 3069 647 3127 mirari
661 3078 776 3139 tamen,
795 3068 871 3148 quid
883 3069 928 3143 sit
940 3079 1030 3151 quod
1044 3075 1189 3140 Vatinium

195 3167 365 3240 defenderit
386 3192 421 3229 ec
446 3173 579 3229 laudarit
600 3190 628 3230 2.
669 3170 767 3243 primo
791 3171 855 3227 leco
877 3168 947 3246 fuse
974 3185 1109 3251 exponit
1130 3185 1190 3263 qui.

155 3301 158 3309 ·
193 3271 245 3331 bus
276 3273 437 3333 rationibus
463 3275 606 3335 adductus
632 3266 788 3348 Caesarem
819 3270 878 3348 sibi
909 3281 1086 3340 ornandum
1111 3297 1191 3362 puta·

529 3463 805 3493 „ad-fimana·

150 3582 204 3657 tuo
231 3619 268 3656 ne
288 3600 411 3679 frigeas
437 3603 466 3658 ἱη
495 3601 639 3672 hiber-nin
739 3602 924 3660 cemmeuere
975 3625 1040 3668 nem
1092 3613 1195 3698 curas]

150 3687 339 3762 quamobrem
356 3688 471 3743 cumino
492 3689 639 3744 luculento
696 3681 748 3746 sed
783 3686 907 3767 frigoris
944 3693 1074 3756 vitandi
1111 3699 1198 3762 causa

151 3773 291 3829 utendum
307 3771 404 3844 censeo
412 3791 425 3839 ;
441 3774 522 3828 idem
534 3767 642 3844 Mucio*
697 3768 785 3831 domi
810 3767 937 3832 defidee.

149 3865 181 3912 et
204 3850 336 3912 Manilio
366 3859 499 3930 placebat
506 3873 520 3925 ,·
555 3877 640 3932 prae·
740 3868 1200 3953 usquequaque-acerrimum]

142 3941 249 4018 sertim
267 3941 316 4015 qui
329 3941 414 4017 fagis
435 3961 492 3998 non
512 3943 637 3999 abunda·
696 3938 869 4001 trochaicus
927 3954 1121 4015 octonarius
1166 3975 1202 4016 ex

148 4046 197 4083 res
219 4025 330 4105 quibus
355 4024 413 4086 scil.
443 4040 475 4086 te
497 4026 639 4089 adversus
699 4025 807 4109 eliquo
830 4029 950 4110 tragico
978 4027 1142 4122 sumptae.

147 4109 245 4195 ftigus
265 4127 371 4192 tegete
385 4104 496 4193 poss'et·
758 4124 761 4129 ’
955 4120 959 4129 ’
