2506 4808
295 305 581 377 EPISTOLA
628 309 859 380 LXXXIX.
1053 341 1094 407 ¹9

59 497 218 566 Clodius.
261 495 429 582 Egregius
452 493 694 571 Marcellinus,
724 519 844 563 omnes
868 519 976 566 acres.
1019 502 1094 569 Me-

57 600 161 664 tellus
190 596 357 663 calumnia
385 596 520 659 dicendi
551 608 686 683 tempus
730 607 874 675 exemit,
917 594 1113 672 adiuvante

56 708 191 790 Appio,
216 704 317 764 etiam
337 693 475 761 hercule
496 697 650 762 familiari
672 711 749 783 tu0;
771 701 814 765 de
831 709 926 770 cuius
944 706 1096 773 constan·
1207 766 1210 775 ,

439 865 715 880 --ι---ιι

58 970 203 1038 peretum
220 951 426 1036 sequentibus.
455 952 552 1013 Dete·
650 955 819 1040 calumnia]
852 958 958 1039 Quum
986 956 1096 1023 ellutie

56 1045 121 1102 riue
141 1043 232 1099 etiem
254 1038 303 1100 ed.
326 1036 400 1099 lens.
420 1039 477 1113 seul
499 1039 552 1096 ille
606 1053 749 1107 uteretur,
772 1044 933 1124 multeque
961 1045 1096 1104 melitio·

59 1146 99 1183 eu
124 1127 268 1182 interiore
302 1126 402 1181 abditu
431 1126 551 1180 aedium
605 1120 815 1198 sueiniiceret,
837 1130 1001 1190 utdiccudi
1018 1146 1095 1188 tem·

57 1211 198 1287 profiliit.
219 1210 337 1269 Eadem
354 1210 440 1268 elteri
454 1229 551 1267 ruem·
605 1228 665 1287 pue
701 1214 862 1283 eximeret,
908 1234 948 1273 ue
973 1213 1095 1274 senetue

57 1295 119 1356 bro
136 1294 238 1355 eddit:
261 1315 318 1350 nou
336 1295 436 1362 ναίω
460 1294 550 1373 quod
606 1290 777 1355 consultum
809 1312 916 1357 contre
948 1299 1096 1359 Clodium

58 1377 104 1441 est
120 1375 310 1440 uteuisellee
331 1374 437 1460 glolse.
463 1378 550 1438 Heec
604 1375 670 1437 fieri
686 1376 803 1459 pollet,
827 1388 880 1462 qui
897 1403 993 1464 quum
1010 1383 1097 1445 sene·

37 1463 175 1524 deiude
196 1468 279 1522 verie
298 1462 346 1523 vel
366 1483 425 1540 per
445 1465 550 1521 conie-
606 1477 654 1522 tue
681 1461 854 1536 censuilset,
891 1485 923 1526 ut
949 1471 1095 1529 Ciceroni

57 1566 159 1608 cturue
191 1548 239 1607 vel
272 1568 330 1628 per
352 1547 449 1607 libror
471 1547 548 1607 elioe
605 1550 734 1608 domum
767 1547 850 1609 suum
874 1551 1037 1613 aedificare
1059 1555 1096 1614 li·

56 1649 175 1693 mutate
207 1630 284 1693 sunt.
329 1632 389 1692 lec.
421 1632 549 1691 Grono-
606 1646 707 1702 cerei,
728 1631 1095 1699 subrosteuiendeuree

56 1722 124 1778 vine
140 1738 157 1777 e
173 1722 350 1777 coniectura
368 1737 433 1776 non
453 1715 548 1777 inele·
605 1736 664 1797 per
686 1721 745 1776 vim
772 1718 940 1798 expulisset.
984 1726 1034 1782 Sic
1061 1728 1093 1784 itt

57 1819 152 1886 gente
174 1803 287 1875 edidit,
315 1804 372 1876 sed
396 1804 477 1860 ilicet
505 1802 547 1858 iu·
604 1800 733 1881 epistole
755 1805 794 1863 ed
816 1806 995 1867 lentulum:
1036 1805 1093 1866 Res

58 1891 211 1946 inriorem.
256 1888 406 1947 Graevius
437 1888 488 1944 ille
513 1889 549 1962 se
604 1889 938 1963 ubudversariisuustris
955 1904 1094 1953 extructa

57 1977 89 2031 iu
107 1973 278 2029 interiorem
300 1974 428 2030 aedium.
451 1972 547 2030 Mitto
604 1972 646 2046 est
669 1975 760 2029 variis
783 1977 935 2033 calumniis
943 1995 957 2045 ;
994 1993 1025 2037 et
1050 1977 1092 2039 ed

57 2054 250 2117 'l‘uustellutn
267 2077 299 2136 p.
313 2070 364 2136 39.
384 2059 438 2135 qui
452 2055 548 2114 eude-
604 2057 644 2135 Q.
661 2057 710 2116 Fr.
728 2056 780 2117 lib.
798 2059 835 2119 ll.
880 2055 938 2120 Per
950 2065 1091 2120 obtrecte-

57 2146 122 2202 ciue
163 2145 298 2223 corrigit.
361 2141 429 2223 ligo
474 2145 546 2219 quie
604 2150 683 2197 tores
714 2138 832 2204 Lentuli
867 2166 914 2202 res
945 2150 1093 2207 calumnia

57 2225 129 2288 libri
145 2226 271 2307 quidem
290 2224 405 2285 hebent
427 2226 547 2282 iuret-io·
603 2237 741 2283 extructa
763 2229 814 2302 est.
856 2229 983 2292 Licebat
1008 2237 1092 2294 enin

57 2333 93 2370 re
116 2325 148 2371 et
176 2313 317 2369 interiore
339 2306 402 2371 stne
428 2312 547 2368 aeolium
602 2304 793 2370 senetoribue
830 2332 996 2394 quousque
1031 2317 1092 2383 vel·

58 2395 161 2455 edidi:
175 2397 231 2471 sed
243 2399 272 2452 iu
283 2397 476 2453 interiora.-
491 2389 546 2451 Er.
602 2393 678 2461 lent,
700 2414 761 2475 que
772 2397 812 2454 de
826 2417 860 2454 re
876 2404 979 2480 rogeri
996 2398 1092 2464 essene

57 2477 546 2556 uestilntextutumeullruestie·
603 2478 716 2539 dicere.
761 2480 827 2542 Lib.
848 2481 888 2542 11.
917 2480 1008 2564 on
1040 2487 1089 2549 Fr.

56 2566 270 2626 neeeditiouie
284 2564 432 2626 serverum
445 2561 487 2623 est
498 2585 545 2622 ue·
603 2583 654 2642 ep.
669 2584 693 2624 1.
712 2561 764 2622 lib.
779 2563 832 2627 lll.
851 2567 891 2626 de
906 2567 1000 2652 legib.
1017 2572 1092 2632 Get,

56 2653 161 2718 dium
180 2669 221 2708 rte
240 2646 279 2708 sic
293 2650 419 2727 quidem
433 2647 525 2709 mele.
602 2648 660 2708 liue
675 2646 728 2706 lib.
742 2647 795 2712 lV.
826 2671 853 2710 c.
873 2671 921 2710 ro.
966 2650 1090 2717 Manat

100 2731 319 2815 Marcellinus]
363 2734 455 2793 Hunc
482 2737 546 2813 pri·
643 2731 762 2815 Appio]
808 2736 858 2794 Sic
887 2737 928 2797 de
956 2741 1091 2802 lilenutii

54 2840 142 2879 mum
157 2825 315 2889 nominet,
340 2822 412 2898 quie
429 2822 545 2897 primue
601 2815 748 2877 sententie
797 2818 942 2899 rescripsi
1008 2825 1091 2885 Nem

54 2903 237 2965 sententium
254 2901 433 2984 rogabatur,
479 2903 546 2963 uod
602 2901 683 2985 vulg.
723 2900 820 2978 Oppio
854 2910 1091 2971 incommodum

57 2986 130 3049 ellet
144 2985 248 3047 consul
263 2924 545 3068 defignetuelsuu.
602 2983 662 3057 est,
685 2985 773 3066 qu'od
797 2990 920 3068 Oppius
947 2993 1091 3055 Ciceroni

100 3067 271 3153 Metellus]
320 3073 360 3150 Ω.
398 3071 544 3133 Metellus
601 3069 742 3144 l'uvebet,
763 3075 883 3154 Appius
899 3093 1003 3136 eutem
1024 3095 1091 3143 eret

56 3156 208 3218 Caecilius
223 3159 332 3236 Nepos
348 3155 468 3226 consu13
490 3161 544 3238 qui
600 3158 696 3215 litter
705 3157 819 3229 Clodii,
831 3176 864 3219 ut
874 3162 1020 3222 adiuvere
1030 3165 1090 3224 vel·

55 3239 544 3303 comitieeedilitieideofierivo·
598 3239 661 3311 let,
705 3257 737 3301 et
768 3259 898 3323 praetor
928 3261 962 3304 ut
999 3250 1090 3311 i'ecile

54 3327 169 3398 lebet,
212 3343 245 3385 ut
274 3326 403 3385 Clodius
437 3327 543 3386 aedilis
598 3319 710 3405 pollet.

55 3427 177 3471 creetue
205 3415 234 3470 in
262 3413 407 3470 iudicium
435 3411 475 3468 de
497 3414 543 3482 vi,
643 3406 1090 3502 etiumherculefamiliarituu]

55 3499 190 3557 maxime
217 3511 347 3575 propter
370 3494 474 3553 sebros
502 3497 544 3553 de
600 3490 799 3554 Hortensium
838 3493 1009 3577 fignifice13
1057 3521 1088 3562 et

56 3582 215 3642 Ciceronis
231 3600 301 3639 eree
318 3578 422 3659 pulsor
441 3581 544 3638 vocari
601 3578 717 3634 hercule
751 3579 837 3637 ecidit
867 3578 952 3662 quefi
989 3586 1087 3660 dicet,

55 3662 248 3740 nonposset.
291 3666 371 3723 Num
392 3684 464 3733 eos,
490 3666 544 3741 qui
601 3663 691 3743 quoti
724 3666 870 3742 equidem
899 3683 989 3727 eutee
1023 3690 1090 3733 nou

55 3747 246 3832 magistratui
266 3765 407 3830 gererent
425 3743 543 3806 occule·
599 3765 761 3826 putarem,
784 3769 882 3828 quum
901 3768 931 3835 et
945 3751 1041 3814 nollri
1058 3771 1090 3816 et

54 3840 82 3894 ri
98 3840 143 3893 ius
159 3856 225 3895 non
243 3849 324 3906 ere13
345 3838 451 3911 iteque
470 3832 543 3891 Clo·
599 3831 744 3911 publicae
759 3831 867 3894 censue
881 3833 1030 3899 studiosae
1047 3845 1089 3900 vi·

55 3920 124 3978 diue
148 3918 336 3978 aedilitatem
362 3915 543 3977 consecutur
599 3916 726 3976 deretur
751 3915 821 3979 elle.
864 3914 983 3978 Muuut.

54 4005 171 4063 iudicio
191 4001 220 4063 se
238 4005 359 4079 eripuit.
401 4001 466 4061 Dio
487 3999 542 4060 lib.
642 4003 680 4058 de
693 4002 960 4086 cuiuscousluutt'a]
977 4010 1087 4069 itonie.

54 4089 204 4149 XXXIX.
250 4082 369 4146 Manui.
598 4081 681 4146 Nem
698 4093 816 4146 Atticus
835 4085 980 4148 exsulanti
1001 4090 1094 4152 Cice--

912 4181 979 4291 Bu
