2506 4808
157 314 224 392 ψ
401 303 680 375 museum
721 267 942 378 mixiuv.

159 506 215 559 tae
235 491 327 561 sunt:
349 515 392 558 ex
414 495 538 578 quibus
559 496 727 584 perspicio
745 498 846 560 uobis
866 501 902 560 in
919 493 1194 562 hac'calamitate

160 594 400 660 tabescendum
418 595 497 661 esse:
519 619 629 680 neque
645 604 754 671 euim,
774 595 851 681 (sed
866 599 990 661 bonam
1006 603 1041 662 iu
1056 612 1193 683 partem

161 702 329 784 accipies)
354 695 375 763 fi
397 698 464 763 ussa
483 698 558 786 spes
575 698 690 765 salutis
712 696 846 763 nostrae
860 697 1021 771 subesset,
1045 712 1101 771 tu,
1126 723 1194 786 pro

159 806 221 863 tuo
243 820 361 863 eruore
382 805 417 864 sn
441 822 512 872 me,
534 798 599 863 hoc
620 813 775 886 tempore
798 796 1009 864 discessisses.
1054 798 1125 864 Sed
1146 823 1193 865 ue

159 901 303 983 ingrati,
325 911 382 965 aut
405 924 448 968 ue
463 907 577 966 omnia
591 901 677 966 velle
699 904 879 967 uobiscum
901 922 968 965 uua
991 907 1131 967 interire
1147 908 1195 967 vi·

161 996 319 1073 ditemur,
343 1000 409 1066 hoc
431 1008 571 1067 omitto:
592 1001 677 1069 illud
699 1004 759 1065 abs
783 1013 818 1065 te
831 1013 934 1088 peto,
956 1001 1018 1064 des
1034 1026 1195 1089 operam,

160 1099 197 1166 id
216 1103 310 1185 quod
331 1102 413 1169 mihi
434 1100 622 1178 affirmasti,
646 1117 685 1172 ut
707 1116 742 1170 te
763 1114 841 1169 aute
859 1101 928 1167 kal.
948 1102 1019 1166 Ian.
1042 1108 1194 1169 ubicum-

162 1220 229 1287 que
245 1209 391 1282 etimne,
414 1203 511 1272 [istus.

212 1429 490 1505 EPISTOLA
533 1434 754 1535 LXXXIV.
814 1436 931 1519 (Att.
966 1429 1146 1525 11118.)

307 1597 568 1683 8cr.Dyrrhechii
588 1595 784 1661 murenae.
800 1599 838 1660 A.
861 1599 900 1660 U.
920 1599 954 1659 (ὲ
969 1599 1042 1679 695.
1134 1632 1141 1641 =

165 1739 272 1808 Scribit
284 1751 319 1825 se
334 1755 434 1831 legum
449 1753 590 1812 sationem
605 1754 641 1808 dc
655 1753 690 1828 se
704 1754 869 1810 revocando
888 1754 1144 1827 exspectaturum,
1163 1762 1195 1810 et

197 1849 229 1926 fi
242 1854 434 1915 obtrectatum
442 1855 554 1929 fuerit,
565 1856 685 1930 senatus
698 1857 880 1916 auctoritate
896 1855 1023 1929 usurum.

390 2051 594 2119 CICERO
635 2050 874 2127 ATTICO,
923 2051 962 2120 S.

241 2203 377 2270 Literae
393 2205 473 2274 mihi
490 2228 508 2270 a
521 2206 649 2296 Quinto
665 2206 771 2271 fratre
786 2229 864 2271 cum
879 2205 1014 2276 senatus
1029 2203 1193 2279 consulto,

163 2306 255 2386 quod
278 2306 321 2371 de
343 2330 397 2371 me
421 2308 635 2380 estfactum,
659 2308 775 2372 allatae
790 2308 876 2373 sunt.
919 2305 1006 2371 Mihi
1027 2312 1193 2370 inanimo

162 2403 228 2478 est,
254 2406 369 2496 legum
390 2409 550 2476 lationem
574 2410 787 2498 exspectar03
824 2422 858 2474 et
882 2407 904 2473 fi
924 2411 1195 2483 obtrectabitur‚

160 2518 238 2571 utar
257 2517 456 2577 auctoritate
481 2511 633 2586 senatum
655 2527 688 2578 et
710 2518 823 2603 potius
838 2517 924 2584 vita,
942 2532 1045 2603 'quam
1067 2516 1194 2602 patria,

162 2613 298 2677 carebo.
343 2608 420 2688 Tu,
446 2614 584 2704 quaeso,
608 2613 728 2682 festina
748 2612 790 2678 ad
810 2633 875 2677 nos
893 2617 1018 2677 venire.

539 2865 805 2886 unu-uanam·-

194 3046 294 3130 Epist.
320 3053 490 3125 LXXXIII.
536 3082 564 3122 1.
597 3063 646 3137 sa·
745 3060 846 3135 legum
874 3050 1037 3134 lusionem]
1082 3054 1126 3111 in*
1150 3070 1193 3111 eo

159 3135 231 3191 sutis
251 3139 397 3224 nostrae]
432 3144 508 3210 Edd,
537 3167 584 3225 pr.
616 3162 648 3206 et
704 3147 785 3202 euim
815 3141 899 3200 scio
931 3138 1074 3218 scriptum
1107 3151 1194 3206 erut,

159 3215 229 3284 Mis.
266 3223 354 3295 sere:
393 3229 487 3304 saluti
522 3233 647 3304 nostrae.
704 3248 769 3288 non
784 3227 882 3286 solum
897 3241 931 3284 m
947 3223 995 3282 Iex
1010 3223 1050 3282 de
1066 3222 1194 3281 Cicero·

158 3309 252 3371 Primi
266 3310 374 3383 salutis
396 3316 511 3389 nostrae
531 3317 648 3376 dedere
704 3334 760 3383 ne,
781 3312 833 3371 sed
854 3327 889 3370 ut
912 3309 991 3368 eliae
1012 3313 1085 3366 item
1106 3306 1193 3387 leges

157 3395 315 3456 Victorini
338 3415 368 3458 et
383 3399 554 3483 Hervegiue
577 3399 648 3480 post
705 3399 771 3457 eliis
793 3395 946 3456 derebus
975 3393 1088 3451 eodem
1116 3405 1194 3451 tem-

158 3478 192 3541 Ρ.
210 3479 332 3541 Menut.
349 3499 407 3544 etc.
428 3487 517 3565 quod
537 3506 643 3548 verum
704 3504 785 3564 pore
800 3485 962 3541 ferrentur.
1008 3473 1129 3537 Manat.

158 3561 210 3623 est.
252 3565 334 3627 Illud
350 3568 644 3642 revocavitssofiui‘‚
738 3570 767 3644 fi
796 3562 1025 3644 obtrectabitur]
1066 3559 1089 3620 si
1123 3562 1193 3638 quie

157 3648 319 3712 Gruterus.
383 3655 466 3715 Illius
509 3653 643 3715 constru·
702 3655 841 3714 tribunus
857 3651 900 3732 pl.
919 3650 1023 3728 legum
1038 3645 1195 3705 ludunum

156 3737 646 3818 esionieexemplumnuslumex·
701 3738 862 3819 impediet.
908 3730 1028 3796 Manat.

153 3832 209 3879 tet.
261 3815 385 3896 Ernesti.
537 3856 540 3861 ·
743 3826 922 3882 auctoritate
971 3814 1114 3898 senatus]
1160 3818 1195 3874 in

197 3903 290 3985 Epist.
307 3908 478 3970 LXXXIV.
521 3911 644 3986 escua-
701 3914 835 3992 petrium
871 3904 1009 3978 reIIb03
1049 3896 1195 3961 etiamsi

155 3999 201 4049 tus
225 3995 354 4068 consulto
377 3998 414 4051 de
435 3993 504 4077 me]
535 3998 565 4054 in
591 4017 645 4075 pa·
701 3992 778 4054 mibi
806 3991 850 4051 ob
880 4010 948 4048 eam
973 4008 1038 4047 rem
1068 3986 1193 4047 dimice-

155 4080 243 4137 triem
259 4081 451 4169 revocando.
481 4075 602 4140 Manui.
702 4083 749 4142 tio
765 4097 837 4141 cum
854 4076 984 4141 uuuicii
1003 4070 1195 4165 Impenden-
