<?xml version="1.0" encoding="UTF-8"?>
<!DOCTYPE html PUBLIC "-//W3C//DTD XHTML 1.0 Transitional//EN"
    "http://www.w3.org/TR/xhtml1/DTD/xhtml1-transitional.dtd">
<html xmlns="http://www.w3.org/1999/xhtml" xml:lang="en" lang="en">
 <head>
  <title>
</title>
<meta http-equiv="Content-Type" content="text/html;charset=utf-8" />
  <meta name='ocr-system' content='tesseract 3.04.00' />
  <meta name='ocr-capabilities' content='ocr_page ocr_carea ocr_par ocr_line ocrx_word'/>
</head>
<body>
  <div class='ocr_page' id='page_1' title='image "./mtciceronisepis00billgoog/mtciceronisepis00billgoog_0169.png"; bbox 0 0 2506 4808; ppageno 0'>
   <div class='ocr_carea' id='block_1_1' title="bbox 144 260 909 354">
    <p class='ocr_par' dir='ltr' id='par_1_1' title="bbox 144 260 909 354">
     <span class='ocr_line' id='line_1_1' title="bbox 144 260 909 354; baseline 0.004 -18"><span class='ocrx_word' id='word_1_1' title='bbox 144 272 215 354; x_wconf 69' lang='lat' dir='ltr'><strong>un</strong></span> <span class='ocrx_word' id='word_1_2' title='bbox 413 260 706 336; x_wconf 80' lang='lat' dir='ltr'><strong>errsrorn</strong></span> <span class='ocrx_word' id='word_1_3' title='bbox 750 263 909 339; x_wconf 69' lang='lat' dir='ltr'><strong>xxtxr</strong></span> 
     </span>
    </p>
   </div>
   <div class='ocr_carea' id='block_1_2' title="bbox 107 455 1070 2785">
    <p class='ocr_par' dir='ltr' id='par_1_2' title="bbox 137 455 1070 1875">
     <span class='ocr_line' id='line_1_2' title="bbox 142 455 1070 546; baseline 0 -19"><span class='ocrx_word' id='word_1_4' title='bbox 142 457 203 528; x_wconf 91' lang='lat' dir='ltr'><strong>sed</strong></span> <span class='ocrx_word' id='word_1_5' title='bbox 218 463 261 524; x_wconf 84' lang='lat' dir='ltr'><strong>iis</strong></span> <span class='ocrx_word' id='word_1_6' title='bbox 278 461 397 530; x_wconf 88' lang='lat' dir='ltr'><strong>etiam,</strong></span> <span class='ocrx_word' id='word_1_7' title='bbox 417 460 474 540; x_wconf 92' lang='lat' dir='ltr'><strong>qui</strong></span> <span class='ocrx_word' id='word_1_8' title='bbox 497 455 672 532; x_wconf 86' lang='lat' dir='ltr'>dederint,</span> <span class='ocrx_word' id='word_1_9' title='bbox 693 467 729 523; x_wconf 93' lang='lat' dir='ltr'><strong>te</strong></span> <span class='ocrx_word' id='word_1_10' title='bbox 742 458 985 546; x_wconf 69' lang='lat' dir='ltr'><strong>inimicumuffi</strong></span> <span class='ocrx_word' id='word_1_11' title='bbox 999 463 1070 531; x_wconf 81' lang='lat' dir='ltr'><strong>ide</strong></span> 
     </span>
     <span class='ocr_line' id='line_1_3' title="bbox 143 555 1045 645; baseline 0 -16"><span class='ocrx_word' id='word_1_12' title='bbox 143 564 259 645; x_wconf 79' lang='lat' dir='ltr'><strong>veris)</strong></span> <span class='ocrx_word' id='word_1_13' title='bbox 282 561 444 625; x_wconf 86' lang='lat' dir='ltr'><strong>futurum.</strong></span> <span class='ocrx_word' id='word_1_14' title='bbox 487 555 606 642; x_wconf 82' lang='lat' dir='ltr'><strong>Neque</strong></span> <span class='ocrx_word' id='word_1_15' title='bbox 621 579 703 624; x_wconf 85' lang='lat' dir='ltr'><strong>vero</strong></span> <span class='ocrx_word' id='word_1_16' title='bbox 726 566 905 645; x_wconf 83' lang='lat' dir='ltr'><strong>quisquam</strong></span> <span class='ocrx_word' id='word_1_17' title='bbox 927 563 1045 640; x_wconf 85' lang='lat' dir='ltr'><strong>dabit,</strong></span> 
     </span>
     <span class='ocr_line' id='line_1_4' title="bbox 145 656 1069 749; baseline 0 -18"><span class='ocrx_word' id='word_1_18' title='bbox 145 672 213 733; x_wconf 86' lang='lat' dir='ltr'><strong>erit</strong></span> <span class='ocrx_word' id='word_1_19' title='bbox 234 663 300 728; x_wconf 88' lang='lat' dir='ltr'><strong>hoc</strong></span> <span class='ocrx_word' id='word_1_20' title='bbox 319 658 551 749; x_wconf 85' lang='lat' dir='ltr'><strong>perspectum,</strong></span> <span class='ocrx_word' id='word_1_21' title='bbox 584 656 669 725; x_wconf 83' lang='lat' dir='ltr'>nihil</span> <span class='ocrx_word' id='word_1_22' title='bbox 688 682 751 748; x_wconf 88' lang='lat' dir='ltr'><strong>per</strong></span> <span class='ocrx_word' id='word_1_23' title='bbox 773 682 851 736; x_wconf 76' lang='lat' dir='ltr'><strong>eos,</strong></span> <span class='ocrx_word' id='word_1_24' title='bbox 888 668 948 747; x_wconf 82' lang='lat' dir='ltr'><strong>qui</strong></span> <span class='ocrx_word' id='word_1_25' title='bbox 968 661 1069 731; x_wconf 74' lang='lat' dir='ltr'><strong>timui</strong></span> 
     </span>
     <span class='ocr_line' id='line_1_5' title="bbox 143 758 1064 857; baseline 0.002 -24"><span class='ocrx_word' id='word_1_26' title='bbox 143 766 235 857; x_wconf 84' lang='lat' dir='ltr'><strong>epud</strong></span> <span class='ocrx_word' id='word_1_27' title='bbox 254 779 289 831; x_wconf 88' lang='lat' dir='ltr'><strong>te</strong></span> <span class='ocrx_word' id='word_1_28' title='bbox 305 760 452 826; x_wconf 87' lang='lat' dir='ltr'><strong>multum</strong></span> <span class='ocrx_word' id='word_1_29' title='bbox 470 758 581 848; x_wconf 82' lang='lat' dir='ltr'><strong>posse,</strong></span> <span class='ocrx_word' id='word_1_30' title='bbox 603 761 664 825; x_wconf 88' lang='lat' dir='ltr'><strong>abs</strong></span> <span class='ocrx_word' id='word_1_31' title='bbox 691 772 726 825; x_wconf 89' lang='lat' dir='ltr'><strong>te</strong></span> <span class='ocrx_word' id='word_1_32' title='bbox 746 760 852 829; x_wconf 89' lang='lat' dir='ltr'><strong>solere</strong></span> <span class='ocrx_word' id='word_1_33' title='bbox 873 769 1064 854; x_wconf 67' lang='lat' dir='ltr'><strong>inpetrari,</strong></span> 
     </span>
     <span class='ocr_line' id='line_1_6' title="bbox 144 861 1069 941; baseline -0.002 -5"><span class='ocrx_word' id='word_1_34' title='bbox 144 882 262 936; x_wconf 84' lang='lat' dir='ltr'><strong>tamen</strong></span> <span class='ocrx_word' id='word_1_35' title='bbox 283 863 330 930; x_wconf 87' lang='lat' dir='ltr'><strong>est</strong></span> <span class='ocrx_word' id='word_1_36' title='bbox 351 861 436 928; x_wconf 84' lang='lat' dir='ltr'><strong>haec</strong></span> <span class='ocrx_word' id='word_1_37' title='bbox 458 867 569 927; x_wconf 83' lang='lat' dir='ltr'><strong>oratio</strong></span> <span class='ocrx_word' id='word_1_38' title='bbox 589 884 665 928; x_wconf 89' lang='lat' dir='ltr'><strong>mea</strong></span> <span class='ocrx_word' id='word_1_39' title='bbox 687 862 902 941; x_wconf 77' lang='lat' dir='ltr'><strong>huiusmodi,</strong></span> <span class='ocrx_word' id='word_1_40' title='bbox 922 879 963 933; x_wconf 88' lang='lat' dir='ltr'><strong>ut</strong></span> <span class='ocrx_word' id='word_1_41' title='bbox 985 873 1069 939; x_wconf 76' lang='lat' dir='ltr'><strong>tein</strong></span> 
     </span>
     <span class='ocr_line' id='line_1_7' title="bbox 141 962 1053 1067; baseline -0.001 -29"><span class='ocrx_word' id='word_1_42' title='bbox 141 984 204 1038; x_wconf 86' lang='lat' dir='ltr'><strong>eut</strong></span> <span class='ocrx_word' id='word_1_43' title='bbox 216 971 340 1035; x_wconf 87' lang='lat' dir='ltr'><strong>durum</strong></span> <span class='ocrx_word' id='word_1_44' title='bbox 361 962 426 1031; x_wconf 85' lang='lat' dir='ltr'><strong>esse</strong></span> <span class='ocrx_word' id='word_1_45' title='bbox 446 969 606 1038; x_wconf 85' lang='lat' dir='ltr'><strong>nimium,</strong></span> <span class='ocrx_word' id='word_1_46' title='bbox 627 977 685 1029; x_wconf 86' lang='lat' dir='ltr'><strong>aut</strong></span> <span class='ocrx_word' id='word_1_47' title='bbox 699 964 910 1054; x_wconf 73' lang='lat' dir='ltr'><strong>suspiciosum</strong></span> <span class='ocrx_word' id='word_1_48' title='bbox 929 967 1053 1067; x_wconf 49' lang='lat' dir='ltr'><strong>velirng</strong></span> 
     </span>
     <span class='ocr_line' id='line_1_8' title="bbox 143 1065 1069 1157; baseline -0.003 -18"><span class='ocrx_word' id='word_1_49' title='bbox 143 1071 168 1138; x_wconf 84' lang='lat' dir='ltr'><strong>fi</strong></span> <span class='ocrx_word' id='word_1_50' title='bbox 189 1077 264 1157; x_wconf 88' lang='lat' dir='ltr'><strong>quis</strong></span> <span class='ocrx_word' id='word_1_51' title='bbox 288 1068 336 1134; x_wconf 89' lang='lat' dir='ltr'><strong>est</strong></span> <span class='ocrx_word' id='word_1_52' title='bbox 354 1085 493 1140; x_wconf 85' lang='lat' dir='ltr'><strong>eorum,</strong></span> <span class='ocrx_word' id='word_1_53' title='bbox 514 1071 572 1148; x_wconf 91' lang='lat' dir='ltr'><strong>qui</strong></span> <span class='ocrx_word' id='word_1_54' title='bbox 595 1065 657 1129; x_wconf 90' lang='lat' dir='ltr'><strong>tibi</strong></span> <span class='ocrx_word' id='word_1_55' title='bbox 673 1067 801 1132; x_wconf 90' lang='lat' dir='ltr'><strong>biennii</strong></span> <span class='ocrx_word' id='word_1_56' title='bbox 816 1066 920 1157; x_wconf 88' lang='lat' dir='ltr'><strong>spatio</strong></span> <span class='ocrx_word' id='word_1_57' title='bbox 932 1091 1069 1156; x_wconf 84' lang='lat' dir='ltr'><strong>numqu¹</strong></span> 
     </span>
     <span class='ocr_line' id='line_1_9' title="bbox 141 1170 1069 1260; baseline 0.001 -22"><span class='ocrx_word' id='word_1_58' title='bbox 141 1173 364 1259; x_wconf 80' lang='lat' dir='ltr'><strong>suspicionem</strong></span> <span class='ocrx_word' id='word_1_59' title='bbox 394 1173 553 1235; x_wconf 82' lang='lat' dir='ltr'><strong>avaritiae</strong></span> <span class='ocrx_word' id='word_1_60' title='bbox 577 1172 726 1241; x_wconf 88' lang='lat' dir='ltr'><strong>venerit,</strong></span> <span class='ocrx_word' id='word_1_61' title='bbox 760 1173 820 1252; x_wconf 88' lang='lat' dir='ltr'><strong>(ut</strong></span> <span class='ocrx_word' id='word_1_62' title='bbox 845 1193 910 1260; x_wconf 87' lang='lat' dir='ltr'><strong>ego</strong></span> <span class='ocrx_word' id='word_1_63' title='bbox 931 1170 1069 1239; x_wconf 86' lang='lat' dir='ltr'><strong>Caefiun</strong></span> 
     </span>
     <span class='ocr_line' id='line_1_10' title="bbox 144 1262 1068 1361; baseline -0.002 -20"><span class='ocrx_word' id='word_1_64' title='bbox 144 1273 393 1361; x_wconf 82' lang='lat' dir='ltr'>Chaerippum,</span> <span class='ocrx_word' id='word_1_65' title='bbox 415 1283 448 1334; x_wconf 90' lang='lat' dir='ltr'><strong>et</strong></span> <span class='ocrx_word' id='word_1_66' title='bbox 461 1270 672 1351; x_wconf 86' lang='lat' dir='ltr'>Labeonem,</span> <span class='ocrx_word' id='word_1_67' title='bbox 693 1270 863 1347; x_wconf 81' lang='lat' dir='ltr'><strong>etaudio,</strong></span> <span class='ocrx_word' id='word_1_68' title='bbox 884 1283 936 1346; x_wconf 89' lang='lat' dir='ltr'><strong>et,</strong></span> <span class='ocrx_word' id='word_1_69' title='bbox 957 1262 1068 1358; x_wconf 67' lang='lat' dir='ltr'><strong>spuiac</strong></span> 
     </span>
     <span class='ocr_line' id='line_1_11' title="bbox 139 1366 1068 1457; baseline 0.001 -17"><span class='ocrx_word' id='word_1_70' title='bbox 139 1368 198 1449; x_wconf 74' lang='lat' dir='ltr'><strong>ui,</strong></span> <span class='ocrx_word' id='word_1_71' title='bbox 225 1371 402 1454; x_wconf 88' lang='lat' dir='ltr'><strong>existimo)</strong></span> <span class='ocrx_word' id='word_1_72' title='bbox 434 1368 521 1436; x_wconf 87' lang='lat' dir='ltr'>nihil</span> <span class='ocrx_word' id='word_1_73' title='bbox 543 1368 608 1447; x_wconf 82' lang='lat' dir='ltr'><strong>est,</strong></span> <span class='ocrx_word' id='word_1_74' title='bbox 637 1372 728 1457; x_wconf 91' lang='lat' dir='ltr'><strong>quod</strong></span> <span class='ocrx_word' id='word_1_75' title='bbox 750 1394 822 1439; x_wconf 88' lang='lat' dir='ltr'><strong>non</strong></span> <span class='ocrx_word' id='word_1_76' title='bbox 845 1386 881 1438; x_wconf 89' lang='lat' dir='ltr'><strong>et</strong></span> <span class='ocrx_word' id='word_1_77' title='bbox 902 1366 969 1450; x_wconf 84' lang='lat' dir='ltr'><strong>iis&#39;,</strong></span> <span class='ocrx_word' id='word_1_78' title='bbox 999 1374 1068 1442; x_wconf 81' lang='lat' dir='ltr'><strong>ets</strong></span> 
     </span>
     <span class='ocr_line' id='line_1_12' title="bbox 142 1471 1068 1551; baseline 0.003 -9"><span class='ocrx_word' id='word_1_79' title='bbox 142 1474 297 1547; x_wconf 60' lang='lat' dir='ltr'><strong>ortelius</strong></span> <span class='ocrx_word' id='word_1_80' title='bbox 319 1471 585 1551; x_wconf 90' lang='lat' dir='ltr'><strong>eiusdemmodi,</strong></span> <span class='ocrx_word' id='word_1_81' title='bbox 609 1487 643 1540; x_wconf 90' lang='lat' dir='ltr'><strong>et</strong></span> <span class='ocrx_word' id='word_1_82' title='bbox 657 1477 842 1548; x_wconf 80' lang='lat' dir='ltr'><strong>committi,</strong></span> <span class='ocrx_word' id='word_1_83' title='bbox 866 1484 901 1539; x_wconf 92' lang='lat' dir='ltr'><strong>et</strong></span> <span class='ocrx_word' id='word_1_84' title='bbox 924 1477 1019 1543; x_wconf 89' lang='lat' dir='ltr'><strong>credi</strong></span> <span class='ocrx_word' id='word_1_85' title='bbox 1036 1498 1068 1545; x_wconf 88' lang='lat' dir='ltr'><strong>re</strong></span> 
     </span>
     <span class='ocr_line' id='line_1_13' title="bbox 139 1571 1068 1665; baseline -0.001 -22"><span class='ocrx_word' id='word_1_86' title='bbox 139 1600 198 1643; x_wconf 90' lang='lat' dir='ltr'><strong>me</strong></span> <span class='ocrx_word' id='word_1_87' title='bbox 220 1590 351 1665; x_wconf 87' lang='lat' dir='ltr'><strong>putem.</strong></span> <span class='ocrx_word' id='word_1_88' title='bbox 394 1572 465 1640; x_wconf 82' lang='lat' dir='ltr'><strong>Sed</strong></span> <span class='ocrx_word' id='word_1_89' title='bbox 488 1571 510 1639; x_wconf 87' lang='lat' dir='ltr'>fi</span> <span class='ocrx_word' id='word_1_90' title='bbox 538 1580 613 1658; x_wconf 86' lang='lat' dir='ltr'><strong>quis</strong></span> <span class='ocrx_word' id='word_1_91' title='bbox 643 1573 708 1650; x_wconf 84' lang='lat' dir='ltr'><strong>est,</strong></span> <span class='ocrx_word' id='word_1_92' title='bbox 727 1580 763 1641; x_wconf 92' lang='lat' dir='ltr'><strong>in</strong></span> <span class='ocrx_word' id='word_1_93' title='bbox 787 1580 941 1660; x_wconf 83' lang='lat' dir='ltr'><strong>quoiam</strong></span> <span class='ocrx_word' id='word_1_94' title='bbox 966 1579 1068 1645; x_wconf 69' lang='lat' dir='ltr'><strong>offen«</strong></span> 
     </span>
     <span class='ocr_line' id='line_1_14' title="bbox 139 1673 1068 1764; baseline 0.005 -21"><span class='ocrx_word' id='word_1_95' title='bbox 139 1679 186 1744; x_wconf 89' lang='lat' dir='ltr'><strong>de</strong></span> <span class='ocrx_word' id='word_1_96' title='bbox 207 1701 274 1764; x_wconf 91' lang='lat' dir='ltr'><strong>quo</strong></span> <span class='ocrx_word' id='word_1_97' title='bbox 298 1675 421 1760; x_wconf 88' lang='lat' dir='ltr'><strong>aliquid</strong></span> <span class='ocrx_word' id='word_1_98' title='bbox 443 1673 600 1759; x_wconf 83' lang='lat' dir='ltr'><strong>senseris3</strong></span> <span class='ocrx_word' id='word_1_99' title='bbox 621 1675 701 1745; x_wconf 90' lang='lat' dir='ltr'><strong>huic</strong></span> <span class='ocrx_word' id='word_1_100' title='bbox 718 1675 803 1743; x_wconf 89' lang='lat' dir='ltr'><strong>nihil</strong></span> <span class='ocrx_word' id='word_1_101' title='bbox 818 1674 1027 1758; x_wconf 87' lang='lat' dir='ltr'><strong>credideris,</strong></span> <span class='ocrx_word' id='word_1_102' title='bbox 1042 1705 1068 1747; x_wconf 81' lang='lat' dir='ltr'><strong>tr</strong></span> 
     </span>
     <span class='ocr_line' id='line_1_15' title="bbox 137 1778 876 1875; baseline -0.009 -27"><span class='ocrx_word' id='word_1_103' title='bbox 137 1795 274 1875; x_wconf 85' lang='lat' dir='ltr'><strong>partem</strong></span> <span class='ocrx_word' id='word_1_104' title='bbox 290 1778 544 1844; x_wconf 81' lang='lat' dir='ltr'><strong>existimationis</strong></span> <span class='ocrx_word' id='word_1_105' title='bbox 566 1790 643 1844; x_wconf 89' lang='lat' dir='ltr'><strong>tuae</strong></span> <span class='ocrx_word' id='word_1_106' title='bbox 658 1779 876 1847; x_wconf 84' lang='lat' dir='ltr'><strong>commiseris.</strong></span> 
     </span>
    </p>

    <p class='ocr_par' dir='ltr' id='par_1_3' title="bbox 107 1866 1068 2785">
     <span class='ocr_line' id='line_1_16' title="bbox 107 1866 1068 1973; baseline 0.003 -27"><span class='ocrx_word' id='word_1_107' title='bbox 107 1880 154 1973; x_wconf 42' lang='lat' dir='ltr'><strong>6J</strong></span> <span class='ocrx_word' id='word_1_108' title='bbox 217 1882 258 1947; x_wconf 88' lang='lat' dir='ltr'><strong>In</strong></span> <span class='ocrx_word' id='word_1_109' title='bbox 280 1885 454 1970; x_wconf 84' lang='lat' dir='ltr'><strong>provincia</strong></span> <span class='ocrx_word' id='word_1_110' title='bbox 469 1900 549 1945; x_wconf 87' lang='lat' dir='ltr'><strong>vero</strong></span> <span class='ocrx_word' id='word_1_111' title='bbox 572 1866 657 1968; x_wconf 84' lang='lat' dir='ltr'><strong>ip&#39;sa,</strong></span> <span class='ocrx_word' id='word_1_112' title='bbox 677 1878 699 1944; x_wconf 87' lang='lat' dir='ltr'><strong>si</strong></span> <span class='ocrx_word' id='word_1_113' title='bbox 716 1902 817 1965; x_wconf 88' lang='lat' dir='ltr'><strong>quem</strong></span> <span class='ocrx_word' id='word_1_114' title='bbox 838 1900 874 1946; x_wconf 88' lang='lat' dir='ltr'><strong>es</strong></span> <span class='ocrx_word' id='word_1_115' title='bbox 889 1880 1032 1959; x_wconf 54' lang='lat' dir='ltr'><strong>nactusss</strong></span> <span class='ocrx_word' id='word_1_116' title='bbox 1052 1904 1068 1968; x_wconf 76' lang='lat' dir='ltr'>q</span> 
     </span>
     <span class='ocr_line' id='line_1_17' title="bbox 136 1980 1060 2070; baseline 0.004 -22"><span class='ocrx_word' id='word_1_117' title='bbox 136 1995 231 2059; x_wconf 80' lang='lat' dir='ltr'><strong>tuam</strong></span> <span class='ocrx_word' id='word_1_118' title='bbox 252 1980 514 2048; x_wconf 83' lang='lat' dir='ltr'><strong>familiaritatem</strong></span> <span class='ocrx_word' id='word_1_119' title='bbox 535 1985 669 2068; x_wconf 88' lang='lat' dir='ltr'><strong>penitus</strong></span> <span class='ocrx_word' id='word_1_120' title='bbox 690 1984 845 2059; x_wconf 85' lang='lat' dir='ltr'><strong>intrarit,</strong></span> <span class='ocrx_word' id='word_1_121' title='bbox 881 1988 939 2070; x_wconf 79' lang='lat' dir='ltr'><strong>qui</strong></span> <span class='ocrx_word' id='word_1_122' title='bbox 959 1987 1060 2052; x_wconf 87' lang='lat' dir='ltr'><strong>nobis</strong></span> 
     </span>
     <span class='ocr_line' id='line_1_18' title="bbox 134 2079 1039 2170; baseline -0.002 -17"><span class='ocrx_word' id='word_1_123' title='bbox 134 2086 241 2153; x_wconf 81' lang='lat' dir='ltr'><strong>fuerit</strong></span> <span class='ocrx_word' id='word_1_124' title='bbox 262 2090 418 2170; x_wconf 81' lang='lat' dir='ltr'><strong>ignotus3</strong></span> <span class='ocrx_word' id='word_1_125' title='bbox 455 2079 535 2147; x_wconf 88' lang='lat' dir='ltr'><strong>huic</strong></span> <span class='ocrx_word' id='word_1_126' title='bbox 559 2094 721 2165; x_wconf 87' lang='lat' dir='ltr'><strong>quantum</strong></span> <span class='ocrx_word' id='word_1_127' title='bbox 749 2085 960 2151; x_wconf 88' lang='lat' dir='ltr'><strong>credendum</strong></span> <span class='ocrx_word' id='word_1_128' title='bbox 983 2084 1039 2162; x_wconf 87' lang='lat' dir='ltr'><strong>fit,</strong></span> 
     </span>
     <span class='ocr_line' id='line_1_19' title="bbox 135 2180 1068 2273; baseline 0.004 -23"><span class='ocrx_word' id='word_1_129' title='bbox 135 2207 206 2251; x_wconf 88' lang='lat' dir='ltr'><strong>non</strong></span> <span class='ocrx_word' id='word_1_130' title='bbox 230 2189 310 2269; x_wconf 90' lang='lat' dir='ltr'><strong>quin</strong></span> <span class='ocrx_word' id='word_1_131' title='bbox 326 2182 449 2273; x_wconf 82' lang='lat' dir='ltr'><strong>possint</strong></span> <span class='ocrx_word' id='word_1_132' title='bbox 471 2181 569 2247; x_wconf 90' lang='lat' dir='ltr'><strong>multi</strong></span> <span class='ocrx_word' id='word_1_133' title='bbox 588 2180 651 2246; x_wconf 90' lang='lat' dir='ltr'><strong>esse</strong></span> <span class='ocrx_word' id='word_1_134' title='bbox 665 2186 888 2271; x_wconf 87' lang='lat' dir='ltr'><strong>provinciales</strong></span> <span class='ocrx_word' id='word_1_135' title='bbox 903 2194 968 2255; x_wconf 84' lang='lat' dir='ltr'><strong>viri</strong></span> <span class='ocrx_word' id='word_1_136' title='bbox 988 2190 1068 2256; x_wconf 91' lang='lat' dir='ltr'><strong>boni</strong></span> 
     </span>
     <span class='ocr_line' id='line_1_20' title="bbox 134 2283 1067 2373; baseline 0.006 -23"><span class='ocrx_word' id='word_1_137' title='bbox 134 2283 202 2350; x_wconf 85' lang='lat' dir='ltr'><strong>hoc</strong></span> <span class='ocrx_word' id='word_1_138' title='bbox 225 2285 356 2373; x_wconf 78' lang='lat' dir='ltr'><strong>sperare</strong></span> <span class='ocrx_word' id='word_1_139' title='bbox 381 2284 479 2358; x_wconf 84' lang='lat' dir='ltr'><strong>licet,</strong></span> <span class='ocrx_word' id='word_1_140' title='bbox 511 2283 660 2348; x_wconf 88' lang='lat' dir='ltr'><strong>iudicare</strong></span> <span class='ocrx_word' id='word_1_141' title='bbox 687 2287 908 2373; x_wconf 86' lang='lat' dir='ltr'><strong>periculosum</strong></span> <span class='ocrx_word' id='word_1_142' title='bbox 923 2289 989 2361; x_wconf 64' lang='lat' dir='ltr'><strong>est.</strong></span> <span class='ocrx_word' id='word_1_143' title='bbox 1041 2291 1067 2356; x_wconf 74' lang='lat' dir='ltr'><strong>ll.</strong></span> 
     </span>
     <span class='ocr_line' id='line_1_21' title="bbox 135 2385 1053 2479; baseline 0.004 -25"><span class='ocrx_word' id='word_1_144' title='bbox 135 2395 225 2454; x_wconf 88' lang='lat' dir='ltr'><strong>enim</strong></span> <span class='ocrx_word' id='word_1_145' title='bbox 248 2385 493 2451; x_wconf 76' lang='lat' dir='ltr'><strong>simulationum</strong></span> <span class='ocrx_word' id='word_1_146' title='bbox 522 2385 708 2452; x_wconf 86' lang='lat' dir='ltr'><strong>involucris</strong></span> <span class='ocrx_word' id='word_1_147' title='bbox 731 2393 874 2476; x_wconf 86' lang='lat' dir='ltr'><strong>tegitur,</strong></span> <span class='ocrx_word' id='word_1_148' title='bbox 910 2404 945 2456; x_wconf 86' lang='lat' dir='ltr'><strong>et</strong></span> <span class='ocrx_word' id='word_1_149' title='bbox 966 2394 1053 2479; x_wconf 83' lang='lat' dir='ltr'><strong>quali</strong></span> 
     </span>
     <span class='ocr_line' id='line_1_22' title="bbox 133 2487 1067 2576; baseline 0.005 -24"><span class='ocrx_word' id='word_1_150' title='bbox 133 2487 337 2573; x_wconf 86' lang='lat' dir='ltr'><strong>quibusdam</strong></span> <span class='ocrx_word' id='word_1_151' title='bbox 359 2487 556 2551; x_wconf 85' lang='lat' dir='ltr'><strong>obtenditur</strong></span> <span class='ocrx_word' id='word_1_152' title='bbox 582 2493 847 2572; x_wconf 83' lang='lat' dir='ltr'><strong>uniuscuiusque</strong></span> <span class='ocrx_word' id='word_1_153' title='bbox 872 2504 1009 2576; x_wconf 86' lang='lat' dir='ltr'><strong>natura;</strong></span> <span class='ocrx_word' id='word_1_154' title='bbox 1045 2495 1067 2559; x_wconf 87' lang='lat' dir='ltr'><strong>sr</strong></span> 
     </span>
     <span class='ocr_line' id='line_1_23' title="bbox 131 2589 1067 2676; baseline 0.001 -19"><span class='ocrx_word' id='word_1_155' title='bbox 131 2591 240 2666; x_wconf 87' lang='lat' dir='ltr'><strong>oculi,</strong></span> <span class='ocrx_word' id='word_1_156' title='bbox 264 2589 374 2657; x_wconf 87' lang='lat' dir='ltr'><strong>vuitus</strong></span> <span class='ocrx_word' id='word_1_157' title='bbox 390 2589 547 2676; x_wconf 87' lang='lat' dir='ltr'><strong>persaepe</strong></span> <span class='ocrx_word' id='word_1_158' title='bbox 566 2596 794 2671; x_wconf 87' lang='lat' dir='ltr'><strong>mentiuntur;</strong></span> <span class='ocrx_word' id='word_1_159' title='bbox 817 2599 925 2658; x_wconf 82' lang='lat' dir='ltr'><strong>oratio</strong></span> <span class='ocrx_word' id='word_1_160' title='bbox 943 2613 1024 2661; x_wconf 91' lang='lat' dir='ltr'><strong>vero</strong></span> <span class='ocrx_word' id='word_1_161' title='bbox 1049 2593 1067 2658; x_wconf 72' lang='lat' dir='ltr'><strong>ss</strong></span> 
     </span>
     <span class='ocr_line' id='line_1_24' title="bbox 130 2692 1066 2785; baseline -0.001 -26"><span class='ocrx_word' id='word_1_162' title='bbox 130 2692 220 2761; x_wconf 78' lang='lat' dir='ltr'><strong>sime.</strong></span> <span class='ocrx_word' id='word_1_163' title='bbox 263 2693 511 2785; x_wconf 85' lang='lat' dir='ltr'><strong>Quamobrem,</strong></span> <span class='ocrx_word' id='word_1_164' title='bbox 532 2695 591 2774; x_wconf 87' lang='lat' dir='ltr'><strong>qui</strong></span> <span class='ocrx_word' id='word_1_165' title='bbox 610 2703 711 2778; x_wconf 90' lang='lat' dir='ltr'><strong>potes</strong></span> <span class='ocrx_word' id='word_1_166' title='bbox 734 2699 885 2782; x_wconf 87' lang='lat' dir='ltr'><strong>reperire</strong></span> <span class='ocrx_word' id='word_1_167' title='bbox 906 2715 949 2758; x_wconf 86' lang='lat' dir='ltr'><strong>ex</strong></span> <span class='ocrx_word' id='word_1_168' title='bbox 974 2716 1015 2759; x_wconf 90' lang='lat' dir='ltr'><strong>eo</strong></span> <span class='ocrx_word' id='word_1_169' title='bbox 1035 2717 1066 2782; x_wconf 73' lang='lat' dir='ltr'><strong>gr</strong></span> 
     </span>
    </p>
   </div>
   <div class='ocr_carea' id='block_1_3' title="bbox 509 2895 779 2919">
    <p class='ocr_par' dir='ltr' id='par_1_4' title="bbox 509 2895 779 2919">
     <span class='ocr_line' id='line_1_25' title="bbox 509 2895 779 2919; baseline 0.007 -6"><span class='ocrx_word' id='word_1_170' title='bbox 509 2895 779 2919; x_wconf 62' lang='lat' dir='ltr'><strong>n-——n-a—-h</strong></span> 
     </span>
    </p>
   </div>
   <div class='ocr_carea' id='block_1_4' title="bbox 111 3014 1066 4123">
    <p class='ocr_par' dir='ltr' id='par_1_5' title="bbox 125 3014 1066 3354">
     <span class='ocr_line' id='line_1_26' title="bbox 168 3014 1066 3101; baseline 0.006 -25"><span class='ocrx_word' id='word_1_171' title='bbox 168 3030 200 3093; x_wconf 84' lang='lat'><strong>5.</strong></span> <span class='ocrx_word' id='word_1_172' title='bbox 228 3014 455 3100; x_wconf 78' lang='lat' dir='ltr'><strong>provinciales]</strong></span> <span class='ocrx_word' id='word_1_173' title='bbox 499 3035 615 3099; x_wconf 83' lang='lat' dir='ltr'><strong>nempe</strong></span> <span class='ocrx_word' id='word_1_174' title='bbox 671 3024 805 3096; x_wconf 82' lang='lat' dir='ltr'><strong>reperire</strong></span> <span class='ocrx_word' id='word_1_175' title='bbox 826 3042 864 3081; x_wconf 78' lang='lat' dir='ltr'><strong>eac</strong></span> <span class='ocrx_word' id='word_1_176' title='bbox 885 3041 919 3081; x_wconf 87' lang='lat' dir='ltr'><strong>eo</strong></span> <span class='ocrx_word' id='word_1_177' title='bbox 936 3043 1066 3101; x_wconf 45' lang='lat' dir='ltr'><strong>generet</strong></span> 
     </span>
     <span class='ocr_line' id='line_1_27' title="bbox 125 3105 1065 3186; baseline 0.003 -20"><span class='ocrx_word' id='word_1_178' title='bbox 125 3107 339 3186; x_wconf 73' lang='lat' dir='ltr'><strong>negotiatores</strong></span> <span class='ocrx_word' id='word_1_179' title='bbox 355 3105 614 3184; x_wconf 18' lang='lat' dir='ltr'><strong>etusoeneretoree</strong></span> <span class='ocrx_word' id='word_1_180' title='bbox 671 3127 758 3180; x_wconf 82' lang='lat' dir='ltr'><strong>num,</strong></span> <span class='ocrx_word' id='word_1_181' title='bbox 779 3108 828 3183; x_wconf 84' lang='lat' dir='ltr'><strong>qui</strong></span> <span class='ocrx_word' id='word_1_182' title='bbox 850 3111 991 3183; x_wconf 85' lang='lat' dir='ltr'><strong>pecuniae</strong></span> <span class='ocrx_word' id='word_1_183' title='bbox 1012 3131 1065 3186; x_wconf 84' lang='lat' dir='ltr'><strong>cup</strong></span> 
     </span>
     <span class='ocr_line' id='line_1_28' title="bbox 125 3185 1050 3269; baseline 0.005 -21"><span class='ocrx_word' id='word_1_184' title='bbox 125 3186 263 3251; x_wconf 80' lang='lat' dir='ltr'><strong>Romam</strong></span> <span class='ocrx_word' id='word_1_185' title='bbox 288 3192 322 3249; x_wconf 85' lang='lat' dir='ltr'><strong>in</strong></span> <span class='ocrx_word' id='word_1_186' title='bbox 345 3190 504 3269; x_wconf 81' lang='lat' dir='ltr'><strong>provincia</strong></span> <span class='ocrx_word' id='word_1_187' title='bbox 528 3185 615 3257; x_wconf 74' lang='lat' dir='ltr'><strong>hebi⁴</strong></span> <span class='ocrx_word' id='word_1_188' title='bbox 670 3202 701 3248; x_wconf 84' lang='lat' dir='ltr'><strong>te</strong></span> <span class='ocrx_word' id='word_1_189' title='bbox 722 3193 845 3249; x_wconf 81' lang='lat' dir='ltr'><strong>adducti</strong></span> <span class='ocrx_word' id='word_1_190' title='bbox 866 3205 989 3253; x_wconf 82' lang='lat' dir='ltr'><strong>careant</strong></span> <span class='ocrx_word' id='word_1_191' title='bbox 1013 3197 1050 3253; x_wconf 79' lang='lat' dir='ltr'><strong>iis</strong></span> 
     </span>
     <span class='ocr_line' id='line_1_29' title="bbox 125 3270 1066 3354; baseline 0.005 -20"><span class='ocrx_word' id='word_1_192' title='bbox 125 3286 243 3347; x_wconf 60' lang='lat' dir='ltr'><strong>tentem</strong></span> <span class='ocrx_word' id='word_1_193' title='bbox 264 3276 339 3331; x_wconf 88' lang='lat' dir='ltr'><strong>item</strong></span> <span class='ocrx_word' id='word_1_194' title='bbox 363 3270 532 3352; x_wconf 79' lang='lat' dir='ltr'><strong>publicani.</strong></span> <span class='ocrx_word' id='word_1_195' title='bbox 670 3282 819 3349; x_wconf 74' lang='lat' dir='ltr'><strong>omnebus,</strong></span> <span class='ocrx_word' id='word_1_196' title='bbox 859 3283 1001 3354; x_wconf 81' lang='lat' dir='ltr'><strong>aquibus</strong></span> <span class='ocrx_word' id='word_1_197' title='bbox 1032 3301 1066 3339; x_wconf 87' lang='lat' dir='ltr'><strong>no</strong></span> 
     </span>
    </p>

    <p class='ocr_par' dir='ltr' id='par_1_6' title="bbox 111 3358 1066 4123">
     <span class='ocr_line' id='line_1_30' title="bbox 168 3358 1066 3442; baseline 0.009 -27"><span class='ocrx_word' id='word_1_198' title='bbox 168 3362 356 3435; x_wconf 83' lang='lat' dir='ltr'><strong>quamobrem</strong></span> <span class='ocrx_word' id='word_1_199' title='bbox 380 3358 430 3434; x_wconf 85' lang='lat' dir='ltr'><strong>qui</strong></span> <span class='ocrx_word' id='word_1_200' title='bbox 456 3369 541 3433; x_wconf 82' lang='lat' dir='ltr'><strong>potes</strong></span> <span class='ocrx_word' id='word_1_201' title='bbox 566 3379 611 3417; x_wconf 86' lang='lat' dir='ltr'><strong>re·</strong></span> <span class='ocrx_word' id='word_1_202' title='bbox 669 3364 744 3436; x_wconf 79' lang='lat' dir='ltr'><strong>vulsi</strong></span> <span class='ocrx_word' id='word_1_203' title='bbox 790 3363 845 3436; x_wconf 77' lang='lat' dir='ltr'><strong>esse</strong></span> <span class='ocrx_word' id='word_1_204' title='bbox 887 3383 946 3420; x_wconf 88' lang='lat' dir='ltr'><strong>non</strong></span> <span class='ocrx_word' id='word_1_205' title='bbox 991 3366 1066 3442; x_wconf 79' lang='lat' dir='ltr'><strong>posse</strong></span> 
     </span>
     <span class='ocr_line' id='line_1_31' title="bbox 121 3441 1065 3528; baseline 0.006 -26"><span class='ocrx_word' id='word_1_206' title='bbox 121 3441 246 3526; x_wconf 83' lang='lat' dir='ltr'><strong>perire]</strong></span> <span class='ocrx_word' id='word_1_207' title='bbox 294 3443 396 3524; x_wconf 84' lang='lat' dir='ltr'><strong>Vulgo</strong></span> <span class='ocrx_word' id='word_1_208' title='bbox 432 3441 612 3526; x_wconf 71' lang='lat' dir='ltr'><strong>legebatur:</strong></span> <span class='ocrx_word' id='word_1_209' title='bbox 668 3453 937 3528; x_wconf 84' lang='lat' dir='ltr'><strong>quemquemqui</strong></span> <span class='ocrx_word' id='word_1_210' title='bbox 965 3463 998 3509; x_wconf 87' lang='lat' dir='ltr'><strong>te</strong></span> <span class='ocrx_word' id='word_1_211' title='bbox 1025 3454 1065 3508; x_wconf 81' lang='lat' dir='ltr'><strong>all</strong></span> 
     </span>
     <span class='ocr_line' id='line_1_32' title="bbox 123 3510 1062 3607; baseline 0.009 -21"><span class='ocrx_word' id='word_1_212' title='bbox 123 3533 312 3607; x_wconf 79' lang='lat' dir='ltr'><strong>quamobrem</strong></span> <span class='ocrx_word' id='word_1_213' title='bbox 332 3531 380 3604; x_wconf 82' lang='lat' dir='ltr'><strong>qui</strong></span> <span class='ocrx_word' id='word_1_214' title='bbox 398 3539 482 3603; x_wconf 82' lang='lat' dir='ltr'><strong>potes</strong></span> <span class='ocrx_word' id='word_1_215' title='bbox 498 3520 610 3604; x_wconf 72' lang='lat' dir='ltr'><strong>reperi·</strong></span> <span class='ocrx_word' id='word_1_216' title='bbox 667 3532 814 3590; x_wconf 77' lang='lat' dir='ltr'><strong>hominem</strong></span> <span class='ocrx_word' id='word_1_217' title='bbox 828 3510 907 3588; x_wconf 69' lang='lat' dir='ltr'><strong>ardet</strong></span> <span class='ocrx_word' id='word_1_218' title='bbox 923 3555 963 3591; x_wconf 74' lang='lat' dir='ltr'><strong>ex</strong></span> <span class='ocrx_word' id='word_1_219' title='bbox 982 3537 1062 3593; x_wconf 82' lang='lat' dir='ltr'><strong>anim</strong></span> 
     </span>
     <span class='ocr_line' id='line_1_33' title="bbox 121 3615 1065 3698; baseline 0.007 -25"><span class='ocrx_word' id='word_1_220' title='bbox 121 3636 157 3673; x_wconf 83' lang='lat' dir='ltr'><strong>re</strong></span> <span class='ocrx_word' id='word_1_221' title='bbox 190 3636 228 3673; x_wconf 82' lang='lat' dir='ltr'><strong>ex</strong></span> <span class='ocrx_word' id='word_1_222' title='bbox 257 3636 291 3672; x_wconf 88' lang='lat' dir='ltr'><strong>eo</strong></span> <span class='ocrx_word' id='word_1_223' title='bbox 320 3631 429 3692; x_wconf 81' lang='lat' dir='ltr'><strong>genere</strong></span> <span class='ocrx_word' id='word_1_224' title='bbox 459 3615 610 3674; x_wconf 73' lang='lat' dir='ltr'><strong>horminum</strong></span> <span class='ocrx_word' id='word_1_225' title='bbox 667 3637 724 3675; x_wconf 87' lang='lat' dir='ltr'><strong>non</strong></span> <span class='ocrx_word' id='word_1_226' title='bbox 738 3616 788 3694; x_wconf 83' lang='lat' dir='ltr'><strong>sui</strong></span> <span class='ocrx_word' id='word_1_227' title='bbox 803 3620 951 3675; x_wconf 81' lang='lat' dir='ltr'><strong>commodi</strong></span> <span class='ocrx_word' id='word_1_228' title='bbox 964 3623 1065 3698; x_wconf 29' lang='lat' dir='ltr'><strong>causa&lt;</strong></span> 
     </span>
     <span class='ocr_line' id='line_1_34' title="bbox 121 3701 1065 3780; baseline 0.006 -21"><span class='ocrx_word' id='word_1_229' title='bbox 121 3703 176 3780; x_wconf 82' lang='lat' dir='ltr'><strong>qui</strong></span> <span class='ocrx_word' id='word_1_230' title='bbox 203 3703 345 3776; x_wconf 78' lang='lat' dir='ltr'><strong>pecuniae</strong></span> <span class='ocrx_word' id='word_1_231' title='bbox 377 3701 540 3775; x_wconf 81' lang='lat' dir='ltr'><strong>cupiditate</strong></span> <span class='ocrx_word' id='word_1_232' title='bbox 566 3731 609 3746; x_wconf 92' lang='lat'><em>-</em></span> <span class='ocrx_word' id='word_1_233' title='bbox 664 3703 717 3764; x_wconf 84' lang='lat' dir='ltr'><strong>let.</strong></span> <span class='ocrx_word' id='word_1_234' title='bbox 754 3704 822 3763; x_wconf 77' lang='lat' dir='ltr'><strong>Nos</strong></span> <span class='ocrx_word' id='word_1_235' title='bbox 854 3702 997 3765; x_wconf 80' lang='lat' dir='ltr'><strong>faciliore</strong></span> <span class='ocrx_word' id='word_1_236' title='bbox 1032 3728 1065 3765; x_wconf 87' lang='lat' dir='ltr'><strong>m</strong></span> 
     </span>
     <span class='ocr_line' id='line_1_35' title="bbox 119 3783 1065 3873; baseline 0.008 -31"><span class='ocrx_word' id='word_1_237' title='bbox 119 3807 180 3847; x_wconf 85' lang='lat' dir='ltr'><strong>non</strong></span> <span class='ocrx_word' id='word_1_238' title='bbox 202 3783 372 3862; x_wconf 82' lang='lat' dir='ltr'><strong>possumus?</strong></span> <span class='ocrx_word' id='word_1_239' title='bbox 400 3797 429 3843; x_wconf 84' lang='lat' dir='ltr'><strong>te</strong></span> <span class='ocrx_word' id='word_1_240' title='bbox 451 3796 609 3843; x_wconf 73' lang='lat' dir='ltr'><strong>autem-</strong></span> <span class='ocrx_word' id='word_1_241' title='bbox 664 3790 745 3847; x_wconf 84' lang='lat' dir='ltr'><strong>inter</strong></span> <span class='ocrx_word' id='word_1_242' title='bbox 769 3789 818 3866; x_wconf 78' lang='lat' dir='ltr'><strong>qui</strong></span> <span class='ocrx_word' id='word_1_243' title='bbox 843 3802 875 3846; x_wconf 79' lang='lat' dir='ltr'><strong>et</strong></span> <span class='ocrx_word' id='word_1_244' title='bbox 895 3794 1065 3873; x_wconf 80' lang='lat' dir='ltr'><strong>pecuniae]</strong></span> 
     </span>
     <span class='ocr_line' id='line_1_36' title="bbox 111 3869 1065 3953; baseline 0.013 -27"><span class='ocrx_word' id='word_1_245' title='bbox 111 3871 282 3947; x_wconf 78' lang='lat' dir='ltr'><strong>firraulent?</strong></span> <span class='ocrx_word' id='word_1_246' title='bbox 322 3870 490 3943; x_wconf 80' lang='lat' dir='ltr'><strong>Lembjnm</strong></span> <span class='ocrx_word' id='word_1_247' title='bbox 525 3869 556 3931; x_wconf 82' lang='lat' dir='ltr'><strong>h.</strong></span> <span class='ocrx_word' id='word_1_248' title='bbox 584 3869 608 3932; x_wconf 76' lang='lat' dir='ltr'><strong>l.</strong></span> <span class='ocrx_word' id='word_1_249' title='bbox 664 3870 765 3932; x_wconf 75' lang='lat' dir='ltr'><strong>culam</strong></span> <span class='ocrx_word' id='word_1_250' title='bbox 787 3893 879 3953; x_wconf 82' lang='lat' dir='ltr'><strong>quum</strong></span> <span class='ocrx_word' id='word_1_251' title='bbox 902 3871 1065 3938; x_wconf 80' lang='lat' dir='ltr'><strong>inserendo</strong></span> 
     </span>
     <span class='ocr_line' id='line_1_37' title="bbox 117 3953 1065 4041; baseline 0.006 -29"><span class='ocrx_word' id='word_1_252' title='bbox 117 3959 161 4028; x_wconf 67' lang='lat' dir='ltr'><strong>ite</strong></span> <span class='ocrx_word' id='word_1_253' title='bbox 175 3953 424 4017; x_wconf 82' lang='lat' dir='ltr'><strong>constituendum</strong></span> <span class='ocrx_word' id='word_1_254' title='bbox 438 3954 607 4041; x_wconf 66' lang='lat' dir='ltr'><strong>eripitrebe·</strong></span> <span class='ocrx_word' id='word_1_255' title='bbox 662 3957 760 4037; x_wconf 80' lang='lat' dir='ltr'><strong>paulo</strong></span> <span class='ocrx_word' id='word_1_256' title='bbox 784 3954 854 4035; x_wconf 82' lang='lat' dir='ltr'><strong>post</strong></span> <span class='ocrx_word' id='word_1_257' title='bbox 874 3969 974 4017; x_wconf 77' lang='lat' dir='ltr'><strong>aretem</strong></span> <span class='ocrx_word' id='word_1_258' title='bbox 997 3965 1030 4022; x_wconf 92' lang='lat' dir='ltr'><strong>in</strong></span> <span class='ocrx_word' id='word_1_259' title='bbox 1053 3973 1065 4018; x_wconf 83' lang='lat' dir='ltr'><strong>t</strong></span> 
     </span>
     <span class='ocr_line' id='line_1_38' title="bbox 117 4041 1065 4123; baseline 0.011 -25"><span class='ocrx_word' id='word_1_260' title='bbox 117 4054 188 4104; x_wconf 77' lang='lat' dir='ltr'><strong>tur:</strong></span> <span class='ocrx_word' id='word_1_261' title='bbox 226 4044 413 4120; x_wconf 70' lang='lat' dir='ltr'><strong>quattrobr&#39;em</strong></span> <span class='ocrx_word' id='word_1_262' title='bbox 446 4041 495 4118; x_wconf 77' lang='lat' dir='ltr'><strong>qus</strong></span> <span class='ocrx_word' id='word_1_263' title='bbox 519 4051 607 4117; x_wconf 79' lang='lat' dir='ltr'><strong>potes</strong></span> <span class='ocrx_word' id='word_1_264' title='bbox 661 4042 813 4123; x_wconf 69' lang='lat' dir='ltr'><strong>mutando</strong></span> <span class='ocrx_word' id='word_1_265' title='bbox 827 4041 936 4107; x_wconf 80' lang='lat' dir='ltr'><strong>locum</strong></span> <span class='ocrx_word' id='word_1_266' title='bbox 948 4043 1065 4113; x_wconf 67' lang='lat' dir='ltr'><strong>sanavit</strong></span> 
     </span>
    </p>
   </div>
   <div class='ocr_carea' id='block_1_5' title="bbox 0 0 1258 4808">
    <p class='ocr_par' dir='ltr' id='par_1_7' title="bbox 0 0 1258 4808">
     <span class='ocr_line' id='line_1_39' title="bbox 0 0 1258 4808; baseline 0 2"><span class='ocrx_word' id='word_1_267' title='bbox 0 0 1258 4808; x_wconf 95' lang='lat' dir='ltr'><strong> </strong></span> 
     </span>
    </p>
   </div>
  </div>
 </body>
</html>
