2506 4808
157 340 162 351 ·
237 303 522 376 EPISTOLA
568 305 722 374 XXVI.

938 316 1003 403 ut

86 496 239 592 eQuintili
255 495 385 561 Romae
402 497 488 562 iore.
529 492 570 560 Id
585 516 604 561 a
620 500 688 560 tuis
704 494 833 571 literis,
853 480 936 585 quae
957 466 1003 567 ad

86 599 233 670 edeceiiu
257 613 316 664 tuo
330 599 484 675 miseras,
507 599 730 684 discrepabat.

86 714 189 778 uetus,
209 714 248 765 ut
266 713 363 764 autea
380 700 421 763 ad
436 713 471 766 te
487 692 614 786 inupti,
636 719 757 763 omnes
772 697 892 775 libros,
911 720 998 786 quos
1014 723 1049 769 ια

98 809 173 874 suus·
196 801 395 886 reliquisset,
419 799 503 865 mihi
525 800 676 865 donavit.
718 797 795 864 Hoc
819 796 910 867 illius
933 824 1003 869 mu·

86 923 160 974 itua
178 906 354 994 diligentia
369 900 514 991 pofitum
531 900 589 966 est.
625 899 671 967 .Si
695 924 749 967 me
765 924 877 979 amas,
903 927 1002 974 cusa,

87 1011 284 1080 sierventur,
307 1019 342 1070 et
358 1005 400 1069 ud
415 1026 469 1068 me
484 1004 709 1092 perferantur.
752 1002 830 1068 Hoc
844 1002 930 1071 mihi·
951 1012 1001 1072 ni.

85 1112 143 1177 test
165 1111 231 1176 esse
252 1114 399 1199 gratius3
433 1119 483 1179 et·‚
505 1127 609 1189 quum
627 1103 797 1179 Graecos,
819 1118 893 1170 tum
911 1128 1008 1174 vero'

86 1228 150 1280 iter
179 1214 320 1278 Latinos
352 1220 390 1273 ut
421 1205 596 1274 conserves
626 1203 739 1272 velim.
790 1202 909 1272 Tuum
935 1207 1002 1274 esso

86 1315 291 1383 iunusculum
305 1312 451 1400 putabo.

86 1420 109 1483 d
128 1417 309 1486 Octavium
332 1413 411 1477 dedi
432 1412 566 1489 literas3
597 1430 675 1474 cum
703 1407 773 1497 ipio
797 1408 882 1476 nihil
907 1430 1000 1478 eram
1016 1414 1053 1482 13

87 1543 113 1585 s.
156 1519 275 1606 Neque
297 1522 388 1583 enim
407 1512 467 1580 ista
481 1524 538 1576 tua
551 1517 689 1598 negotia
701 1513 920 1602 provincialia
934 1514 1000 1582 eise

349 1736 618 1762 ...ιη-*ιιι-

87 1880 178 1958 eceffu
193 1876 259 1961 tuo]
278 1873 339 1937 icil.
357 1894 461 1956 epro-

122 1967 171 2027 lta
203 1965 353 2024 Graevius
389 1982 462 2020 curn

91 2052 206 2120 edidit,
229 2048 326 2129 idque
351 2046 461 2106 melius

89 2140 125 2194 de
146 2134 256 2210 accessu
278 2144 347 2206 tuo,
373 2130 462 2214 quod

106 2222 168 2282 alii.

87 2306 128 2364 rid
149 2300 328 2384 Octavium]
348 2297 465 2360 Viden·

87 2395 215 2452 ictarius
229 2386 279 2448 hic
294 2388 348 2468 qui
364 2382 410 2457 fit,
432 2399 465 2444 et

100 2490 269 2559 reagotur:
288 2468 480 2552 quodariii·<

87 2582 136 2622 ,on
171 2557 316 2619 omuibus
346 2569 465 2635 petere.

87 2665 205 2726 nnpose
219 2640 320 2702 Asiam
337 2639 466 2722 regebus
491 2640 493 2644 ’

87 2753 161 2803 ero,
187 2727 405 2787 Macedoniam
429 2725 464 2783 C.

88 2839 132 2878 us.
153 2815 193 2872 de
216 2833 281 2893 quo
305 2809 349 2869 his
364 2807 466 2868 verbis

106 2922 134 2959 2.
167 2896 220 2959 lib.
242 2896 264 2958 I.
289 2896 328 2955 sd
343 2896 383 2975 Q.
406 2895 467 2954 irt-

98 2981 140 3042 Et
158 2984 303 3040 mediocri
322 3000 369 3036 me
383 2981 466 3035 dolo·

87 3091 109 3128 ss
125 3066 219 3139 effici,
237 3088 323 3144 quum
336 3067 467 3135 audiam,

87 3160 104 3212 ‘t
123 3155 343 3230 existimatione
370 3144 468 3227 Virgi.

103 3256 164 3322 qna
197 3250 262 3294 tuus
290 3235 401 3294 vicinus
432 3230 466 3289 C.

87 3325 154 3382 fus?
208 3323 249 3381 Et
301 3323 468 3380 Suetonius

92 3407 165 3492 gusti
194 3411 280 3466 vita:
329 3403 469 3461 Octauius

108 3516 145 3551 ex
165 3500 308 3567 praetura
329 3485 468 3547 Macedo·

88 3580 216 3650 sortitus,
230 3574 400 3653 fugitiuos,
424 3595 469 3630 re·

88 3659 274 3737 nSpnrtnci‚
313 3669 342 3716 et
365 3654 471 3715 Catili·

90 3769 177 3819 anttm,
195 3741 355 3804 Thurinum
364 3765 472 3820 agrum

88 3844 134 3904 ἐς,
164 3839 192 3890 in
216 3832 320 3889 itinere
343 3831 471 3900 deleuit,

92 3920 113 3972 io
129 3919 182 3993 sibi
204 3921 232 3974 in
250 3917 356 3992 terratis
385 3927 475 3970 extra

92 4021 128 4057 ein
171 4007 250 4059 dato.
303 4001 475 4075 provinciae

88 4082 128 4141 suit
143 4108 194 4146 non
208 4088 322 4146 minore
344 4086 473 4161 institia‚'

517 1895 604 1953 quam
614 1873 818 1947 fortitudine.
861 1898 1025 1956 ηατηςιιεΓ

519 1955 629 2037 Besjis,
649 1982 684 2018 ac
712 1954 870 2020 Thracibus
895 1986 1004 2044 magno

514 2048 633 2123 proelio
646 2047 746 2123 sniis,
768 2049 811 2104 ita
827 2051 925 2125 socios
944 2062 1006 2110 tra·

519 2133 622 2205 stavit,
645 2144 678 2190 ut
698 2132 838 2209 epistolae
852 2125 901 2197 M.
924 2130 1008 2195 Cice·

520 2218 651 2293 exstent,
673 2219 777 2300 quibus
788 2219 1007 2303 Quintnmfra·

520 2312 621 2376 trem,
663 2307 765 2361 eodem
796 2317 928 2382 tempore
953 2328 1007 2383 pa·

521 2410 587 2446 rum
601 2386 731 2462 socienda
744 2386 836 2459 foma
852 2392 1008 2468 proconsu-

521 2476 615 2531 latum
633 2472 719 2548 Ajiae
735 2476 1008 2551 administrantem,

522 2561 675 2630 hortatur,
712 2570 742 2615 et
768 2572 883 2635 monet,
914 2563 1009 2618 imite-

522 2654 571 2701 tur
587 2645 617 2700 in
631 2647 835 2719 promerendis
850 2647 942 2721 suciis
964 2648 1008 2703 vi·

523 2731 620 2786 einum
633 2731 719 2803 sunm
747 2726 911 2792 Octauium.
940 2731 1011 2790 Ma·

524 2815 688 2874 cedouism
742 2817 838 2895 igitur
881 2814 1011 2874 admini-

522 2896 628 2958 stranti
652 2899 863 2958 commendari
890 2901 1008 2960 Atticus

524 2981 687 3062 cupiebss3
711 3002 806 3063 quum
829 2988 861 3044 in
878 3003 914 3044 es
934 3005 1010 3064 pro·

523 3071 621 3127 vincia
636 3072 836 3151 negotiorum
861 3069 1011 3150 quiddam

524 3151 668 3211 haberet:
692 3154 830 3234 ideoque
850 3171 880 3214 et
897 3155 931 3216 C.
950 3158 1011 3214 An,

525 3242 633 3306 tonio,
658 3238 787 3297 eundem
818 3244 1011 3319 provinciam

526 3337 598 3380 unte
618 3322 778 3381 Octavium
802 3328 939 3408 regenti,
962 3326 1010 3385 Ci-

527 3426 600 3466 cero
629 3426 699 3465 eum
731 3408 824 3470 literis
856 3428 1013 3469 commen·

527 3491 671 3562 deseret,
693 3491 763 3553 ium.
785 3492 806 3554 l.
829 3514 856 3556 v.
880 3492 965 3576 epist.
981 3507 1011 3568 5.

528 3571 651 3636 Monut.

573 3656 655 3716 Dedi
681 3657 805 3743 literas]
847 3659 1014 3723 Commen-

529 3745 665 3806 delicies.
707 3746 785 3803 Cum
819 3742 885 3826 ipso
915 3752 1013 3818 euim,

529 3847 694 3911 antequam
737 3829 928 3902 discederet,
971 3831 1016 3893 nil

530 3936 613 3975 eram
629 3916 767 3990 locutus3
789 3918 940 3996 quianon
958 3936 1016 3997 pu-

530 4001 633 4060 tabam
652 4015 682 4058 te
697 4005 822 4081 negotis
839 4005 871 4058 in
891 4005 1017 4080 provin·

531 4089 582 4146 ciis
617 4084 750 4159 habere,
794 4086 880 4162 (erat
912 4103 1018 4149 eutem
