2506 4808
131 306 202 371 ,σε
440 296 725 386 crrsrora
777 300 869 389 err.

134 488 290 561 elabora,
306 483 451 575 perfice,
472 501 511 553 nt
521 486 654 555 Flavius
670 501 704 553 et
722 490 806 565 tibi,
826 502 862 555 et
878 488 966 559 mihi
980 516 1034 579 qu:

133 595 246 657 ximat
272 595 396 678 gratias
419 603 506 676 agat.
548 588 624 656 Hoc
644 602 680 655 te
701 595 748 655 ita
765 612 873 680 rogo,
893 605 935 659 ut
955 602 1034 663 mai<

43 740 47 745 -
133 690 193 757 dio
206 711 330 778 rogare
344 710 414 755 non
427 688 556 777 posfim.

31 848 35 858 .
105 803 137 868 7.
222 789 323 881 Quod
345 790 388 855 ad
407 812 463 856 me
483 792 526 858 de
546 792 686 859 Hermia
708 790 848 868 scribis,
868 792 954 861 mihi
972 794 1034 861 mel

130 892 232 961 ¹valde
259 890 433 957 molestum
462 894 537 960 suit.
581 893 712 958 Literaa
741 893 786 957 ad
812 904 846 959 te
872 918 995 983 parum
1020 898 1034 963 l

129 992 349 1081 scripseram:
389 1015 470 1078 quas
499 1001 654 1061 oratione
680 994 841 1069 Diodoti,
874 995 1009 1063 Luculli

137 1108 351 1169 commotuS,
383 1095 427 1159 de
445 1101 603 1183 pactione
630 1094 742 1159 statim
767 1097 860 1181 quod
880 1098 1034 1165 audieran

130 1198 282 1264 -cundius
306 1194 521 1283 scripseram,
543 1209 578 1261 et
600 1217 759 1262 revocare
784 1201 975 1285 cupiebam.
1015 1200 1034 1265 l

132 1297 291 1389 epistolae
300 1320 369 1363 non
380 1297 530 1361 fraterne
539 1294 691 1384 scriptae,
703 1297 854 1385 fraterne
861 1298 1034 1391 debesign

127 1402 189 1469 De
212 1398 416 1471 Censorino,
436 1394 609 1472 Antonio,
636 1396 762 1473 Casio,
777 1397 968 1477 Scaevola,
1000 1416 1034 1469 te

128 1502 228 1590 diligi
244 1505 297 1585 (ut
310 1498 443 1583 scribis)
455 1497 674 1565 vehementer
687 1501 826 1587 gaudeo.
849 1503 1034 1571 Ceterafue

125 1604 251 1673 ,eadem
267 1600 404 1692 epistola
417 1605 586 1690 graviora,
610 1620 711 1688 quarn
725 1598 866 1680 vellem,
890 1598 997 1695 spese
1011 1634 1034 1677 r,

175 2002 203 2061 7.
213 1983 317 2040 literas
332 1977 373 2032 ad
389 1985 418 2032 te
433 1971 615 2049 parumsro·
668 1962 719 2037 l'ut
734 1970 880 2038 assentior
893 1976 1034 2045 Wielttnt‘

122 2054 213 2125 ¹terne
234 2052 433 2143 scripserant]
455 2058 528 2118 Non
551 2058 616 2138 pla·
672 2056 735 2121 hoc
761 2060 920 2145 ingeniose
948 2079 981 2124 et
1011 2063 1034 2123 st

122 2152 182 2210 'cet
229 2152 333 2207 literas
367 2181 409 2192 --
444 2145 616 2218 scripseram
671 2145 841 2223 expedivit,
877 2144 957 2208 hoec
985 2168 1034 2210 orn

120 2255 206 2316 quar
219 2268 260 2283 -
268 2233 454 2308 scripseram.
478 2226 616 2288 Fortasse
660 2230 781 2309 ¹Quinti
802 2230 965 2311 epistolem
982 2255 1034 2314 pet

120 2325 223 2402 ‚igitur
253 2321 364 2379 Cicero
396 2314 437 2375 fic
466 2319 615 2373 exerevit:
671 2335 733 2395 que
754 2314 784 2375 se
803 2319 914 2378 Marco
937 2320 1024 2379 fratri

129 2408 288 2465 literasod
304 2415 332 2461 ie
347 2403 482 2460 oratione
498 2394 614 2455 Diodo·
669 2404 733 2470 rit,
777 2418 807 2460 et
829 2400 1034 2486 obiurgetlon

129 2495 154 2549 ti
166 2489 281 2549 Luerrlli
295 2493 394 2548 siret-ti
405 2496 614 2543 cormnotus-
668 2480 950 2548 sibimolestiffimee
963 2486 1034 2548 sulii

128 2575 487 2651 iracundiusJiripseram.
670 2570 745 2629 dens
780 2577 896 2653 graecis
935 2593 1034 2654 quoqt

171 2683 311 2725 revocare
343 2653 513 2737 cupiebam]
557 2674 614 2712 vo·
668 2652 819 2717 versiculis
846 2656 915 2717 usur
947 2663 1034 2719 suerit

124 2746 229 2810 lebam
257 2765 327 2805 eam
356 2749 417 2801 iarn
448 2736 611 2801 tabellario
667 2743 762 2823 igitur
783 2745 894 2803 Cicero
923 2741 1009 2803 illum
1033 2790 1034 2797 ,

124 2834 249 2904 detero,
269 2827 290 2889 fi
312 2827 377 2888 seri
394 2823 496 2908 pollet
515 2840 614 2883 retre-
666 2823 921 2901 reprehensiones
950 2825 1018 2888 suae

118 2916 221 2990 ltere,
244 2933 377 2995 eamque
400 2911 545 2982 abolere,
568 2929 609 2969 ne
665 2930 781 2989 easque
794 2911 987 2995 gravioribus
996 2933 1034 2972 ve

124 3002 182 3065 tibi
196 3006 348 3061 inmanes
368 3001 495 3057 veniret.
664 2991 790 3068 tudisle,
814 3016 909 3078 quam
923 2997 1026 3058 vellet.

167 3097 265 3144 cetera
287 3081 416 3154 fuerunt
448 3083 477 3136 in
507 3080 610 3135 eodem
706 3081 811 3163 ’open
845 3082 899 3141 τοῖν
937 3080 1026 3166 ναῦν]

114 3172 247 3247 ¹epistola
260 3165 427 3249 graviora]
449 3164 611 3224 Fluctuent
660 3162 758 3254 ¹verbe
782 3164 847 3226 sunt
861 3187 880 3225 e
894 3165 1014 3226 Graeca

121 3254 173 3316 hie
193 3258 399 3327 interme-taes
415 3267 446 3310 et
471 3248 540 3308 sene
563 3247 611 3307 lo·
665 3252 706 3307 tle
724 3253 753 3309 nl
768 3249 843 3319 seir.
864 3251 1022 3321 Ποσειδῖν,

112 3352 176 3403 'cus
197 3339 240 3400 est
255 3336 394 3400 difficilis.
436 3336 521 3396 Nem
542 3351 608 3392 11011
666 3335 721 3393 Se'a
762 3336 817 3396 τοῖν
863 3337 930 3393 ναῦν
968 3360 1034 3395 κατε

121 3425 190 3488 setis
208 3438 356 3506 apparet,
380 3436 483 3481 utrum
507 3419 536 3476 in
560 3439 606 3474 ra·
664 3438 746 3497 quae
764 3420 859 3479 latine
881 3417 925 3481 est
947 3427 1034 3481 etiarn

122 3516 204 3570 dern'
221 3512 343 3587 epr‘frola
378 3504 531 3566 reseretur
567 3501 607 3560 ad
663 3504 813 3564 Senecam
842 3524 892 3583 ep.
915 3514 967 3580 83.
1013 3500 1034 3560 a

120 3595 283 3678 epistolam
312 3594 411 3653 Marci
442 3588 482 3649 ad
509 3589 608 3667 Quin·
663 3610 813 3669 nunquam
849 3592 923 3648 itanc
960 3610 1034 3647 nave

111 3682 185 3743 'tum
201 3683 326 3741 fratrem
343 3676 493 3754 scriptam,
512 3693 608 3752 quam
663 3686 784 3732 rectam.
852 3675 941 3734 Haec
982 3677 1034 3735 Vir

116 3767 216 3851 paulo
231 3781 302 3826 ente
319 3767 361 3821 eit
379 3758 554 3820 iracundius
575 3771 607 3815 et
662 3757 779 3838 Lipsius
794 3774 897 3818 autern
912 3757 953 3818 ad
966 3761 1034 3819 Seni

111 3850 228 3937 ‘parurn
269 3849 404 3908 fraterne
445 3843 602 3923 scriptam,
658 3844 764 3903 laudat
793 3848 886 3903 etiem
913 3861 1034 3904 veteteri

116 3960 157 4001 en
176 3939 282 4017 potius
304 3933 343 3992 ad
367 3932 474 4010 Quinti
499 3930 602 3987 literne
659 3944 784 4008 ptorern
793 3928 955 3999 Teletem‚
976 3950 1034 3988 err

116 4022 230 4104 quibus
258 4017 303 4084 illi
325 4018 424 4076 Marci
454 4011 603 4091 epistolae
660 4013 807 4074 sententia
841 4014 952 4073 eadem
990 4034 1034 4094 ep,

114 4105 329 4188 responderat.
345 4101 499 4182 Equidem
513 4116 604 4180 pror·
659 4098 774 4160 beeum
789 4120 813 4158 c.
827 4099 895 4161 106.
907 4092 1033 4177 Ernesti.
