2506 4808
240 292 750 398 EPISTOLA‘nxxns
949 326 1048 414 ne

89 521 125 580 ’ἰπ
137 518 276 592 fratrem
298 521 420 594 laudae,
442 504 559 598 eius'que
573 520 608 599 se
621 522 725 581 literas
736 523 907 601 exspectare
917 525 1015 604 'signe'-

87 635 104 681 *·
122 633 204 705 Μ
229 636 232 641 ’

211 802 419 874 CICERO
460 800 703 878 ATTICO,
746 803 786 872 S.

87 963 124 1026 )e
149 958 280 1051 Quinto'
300 960 407 1025 fratre
430 962 542 1026 nuntii
562 959 662 1025 nobis
687 957 820 1035 tristes,
848 983 912 1026 nec
932 968 1028 1053 varii¹

87 1080 153 1130 ‘ant
174 1085 217 1127 ex
235 1074 312 1128 ante
328 1059 416 1125 diem
434 1058 523 1124 Non.
567 1058 641 1126 Jun.
659 1083 765 1147 usque
780 1062 821 1126 ad
836 1063 925 1150 prid.
941 1064 1016 1129 Kal.
1042 1092 1044 1097 ·

109 1187 150 1229 eo
174 1176 285 1229 autem
308 1161 363 1227 die
385 1161 576 1235 LivineiuS,
606 1160 645 1226 L.
670 1161 792 1250 Reguli
813 1163 956 1229 libertus
974 1164 1018 1230 acl

87 1263 220 1355 Regulo
236 1262 351 1330 missus
369 1268 471 1330 venit.
512 1261 546 1326 Is
563 1268 703 1330 omnino
718 1271 926 1331 mentionem
943 1264 1017 1332 nul-

87 1380 192 1431 {ctam
208 1365 270 1431 esse
285 1368 468 1430 nuntiavit:
497 1363 552 1428 sed
575 1361 670 1428 fuisse
692 1362 806 1430 t'amen
828 1365 1016 1432 sermonem

105 1467 218 1533 Clodii
235 1465 324 1542 filio,
351 1473 448 1552 isque
464 1463 547 1531 mihi
562 1477 634 1528 tum
649 1466 786 1534 afratre
800 1467 915 1533 literas
931 1481 1018 1533 attu-

87 1565 150 1634 Sed
166 1568 327 1657 postridie
343 1565 441 1634 Sexti
457 1571 551 1658 pueri
567 1580 754 1641 venerunt,
777 1574 833 1652 qui
853 1589 871 1632 a
890 1582 925 1633 te
941 1569 1018 1633 lite·
1037 1602 1053 1614 ·«

87 1670 275 1744 ttulerunt,
303 1692 374 1737 non
398 1680 468 1734 tam
490 1664 680 1756 exploratas
701 1691 719 1731 a
742 1675 885 1742 timore,
916 1691 1016 1754 quam

87 1796 93 1831 ι
112 1770 257 1835 Livi'neii
272 1770 395 1838 fuerat.
441 1764 533 1833 Sane
547 1765 618 1830 sum
631 1773 667 1831 in
682 1785 759 1833 meo
774 1766 908 1834 infinito
929 1792 1017 1834 mae-

87 1869 252 1947 'ollicitus‚
273 1883 308 1937 et
323 1893 364 1936 eo
380 1876 509 1958 magis,
530 1869 622 1954 quod
633 1866 739 1970 Appii
755 1869 900 1958 quaestio
915 1868 949 1935 es
963 1915 972 1933 .

296 2085 298 2089 “
368 2082 638 2101 Μ

87 2224 123 2292 st.
142 2220 270 2290 LXXII.
312 2245 339 2287 1.
361 2221 499 2308 tristes]
530 2236 589 2284 ret·
626 2224 698 2284 Eius
714 2222 779 2286 duo
794 2223 847 2286 filii
861 2226 1018 2292 Milonem

87 2314 188 2374 ebatur
215 2316 298 2371 enim
319 2309 474 2370 reversum
531 2306 727 2380 anteferunt,
764 2310 806 2368 ob
841 2332 951 2372 necem
980 2314 1015 2376 P.

87 2396 117 2459 ia
140 2400 301 2477 provincia
328 2411 474 2476 repetun-
532 2394 647 2466 Clodii,
657 2398 710 2472 qui
721 2396 814 2473 Appii
825 2396 946 2456 clandii
955 2416 1018 2465 em·

87 2505 99 2542 1
121 2479 295 2544 accusatum
320 2483 383 2558 iri„
402 2474 475 2538 Ma·
530 2478 1019 2557 bonppellebentuntestensco·

530 2567 584 2625 nio
600 2564 751 2626 Pediano.
785 2559 906 2624 Manat.

87 2650 211 2736 vincius]
263 2650 315 2712 sic
350 2653 474 2721 rectius,
575 2670 633 2705 mm
655 2660 718 2706 tam
740 2653 913 2725 exploratas
936 2671 955 2707 a
979 2650 1018 2707 ti-

98 2754 132 2798 nt
147 2739 222 2797 olim
238 2735 398 2808 edebatur,
426 2732 476 2792 Le*-
533 2733 639 2817 more]
687 2753 769 2816 quae
789 2755 841 2795 me
865 2751 1018 2795 nontam

129 2821 211 2881 Nem
233 2836 265 2881 et
285 2825 317 2881 in
343 2824 476 2900 antiquis
533 2823 646 2879 timore
668 2818 798 2898 periculi
821 2820 909 2902 quod
931 2820 1019 2880 fratri

87 2907 266 2967 1Livineins
282 2905 478 2988 Regulorum
531 2923 604 2963 meo
632 2905 820 2977 intenditur,
851 2904 1020 2971 liberarent

87 3010 243 3076 ·gnomen;
269 3005 304 3049 ut
324 2994 476 3062 omittam,
533 3009 628 3068 quem
646 2989 773 3050 Livineii
794 2988 905 3053 sermo.
947 2984 1018 3050 Ma·
1120 3010 1122 3015 ·

95 3077 177 3137 Fam.
193 3074 247 3137 lib.
258 3072 341 3136 XIII.
358 3095 405 3154 ep.
424 3076 475 3134 60.
533 3083 593 3135 net.

87 3160 199 3221 teribus
213 3159 298 3219 libris
313 3159 425 3243 legitur
439 3155 474 3219 L.
574 3159 656 3240 quod
679 3154 772 3233 Appii
799 3160 932 3238 quaestio
958 3156 1021 3244 est]

87 3249 146 3304 eius
168 3239 299 3324 Trypho,
321 3241 355 3301 L.
377 3239 474 3321 Regu·
533 3246 584 3304 Sic
606 3241 701 3302 habet
726 3241 796 3302 cod.
814 3242 964 3304 Tornaes.
989 3261 1022 3304 et

87 3342 172 3402 >rtes;
197 3333 252 3411 qui
267 3326 310 3388 est
324 3329 417 3399 idem,
436 3329 476 3389 de
527 3330 733 3400 -Memmiani,
766 3346 832 3406 quo
859 3330 958 3390 modo
989 3342 1022 3389 et

87 3410 479 3581 ¹35¹⁰050÷2¹ff2320²3⁴⁰2²22u.
534 3411 1023 3583 Rssssssssss’sssse'lssssffnffssfissss'ss

87 3605 124 3646 nn
154 3586 224 3646 fore
253 3585 292 3664 Q.
317 3587 418 3642 fratris
441 3586 477 3643 C.
535 3599 601 3655 tus,
638 3597 668 3642 et
707 3579 864 3662 quaefitor
899 3586 1022 3644 futurue

88 3676 98 3730 i
112 3669 208 3730 filium
222 3689 303 3741 eum,
329 3674 382 3748 qui
397 3667 479 3748 post-
536 3685 602 3729 eret
616 3687 699 3727 anno
715 3672 860 3745 proximo
878 3685 960 3730 ceree
978 3669 1023 3731 le·

87 3755 213 3816 filonem
243 3752 410 3824 accusavit,
442 3753 478 3813 C.
537 3776 586 3836 ge.
626 3748 753 3826 spectio,
776 3753 864 3834 quod
885 3752 1023 3833 sequitu·

87 3847 98 3900 i
113 3840 214 3902 Publii
227 3840 342 3911 fratre,
359 3853 478 3898 netum.
535 3840 692 3899 Victorius
712 3835 742 3896 h.
760 3836 780 3898 l.
797 3837 872 3897 nihil
891 3838 1022 3899 adrem.

107 3931 191 3987 enim
225 3924 333 3983 fratres
370 3921 479 3982 habuit
538 3920 673 3984 Lambin.
708 3921 1023 4006 Omninolegendum

87 4011 194 4082 odins,
214 4009 351 4088 Appium
367 4023 398 4067 et
420 4009 479 4067 Ce-
537 4006 580 4069 est
594 4010 739 4084 quaestio,
761 4022 797 4067 ut
817 4003 860 4066 est
874 4011 906 4068 in
918 4004 1023 4087 priscie

106 4115 244 4181 qnorum
265 4095 358 4155 Ceius
377 4096 480 4174 perie-
535 4090 654 4157 nostrie.
696 4095 779 4155 Nem
789 4089 1024 4174 publicentu-
