2506 4808
298 347 586 417 EPISTOLA
622 347 897 449 LXXXVIII.
1048 368 1098 435 ³13

65 556 176 602 mearn
200 532 397 621 potestatem
422 535 484 601 esse
501 537 554 602 vel
574 536 729 622 petendi,
753 532 806 598 vel
821 539 959 599 ineunte
975 538 1096 606 aestate

66 637 228 702 exeundi:
252 649 302 710 et,
321 642 451 702 interea
474 661 527 702 me
553 638 617 702 esse
639 644 675 703 in
695 634 801 700 oculis
817 641 959 710 civium,
982 640 1023 703 de
1040 665 1096 707 me

65 745 196 827 optime
218 743 434 817 meritorum,
472 763 542 804 non
563 739 709 802 alienum
730 743 856 822 putavi.
900 735 955 801 Ac
984 741 1097 808 foren-

63 839 146 904 sium
170 841 304 922 quidem
327 860 444 903 rerunt
465 838 548 904 haec
573 838 685 903 nostra
707 834 838 902 consilia
858 836 949 929 sunt:
981 842 1096 908 dome-

62 941 221 1004 sticarum
251 953 408 1003 autem
389 940 485 1005 valde
518 941 690 1028 impedita.
734 937 864 1001 Domus
886 937 1093 1009 aedificatur.

64 1041 162 1113 Son,
185 1062 251 1123 quo
268 1039 416 1129 sumptu,
441 1064 505 1126 qua
520 1039 668 1105 molestia
683 1036 1091 1114 reficiaturFornrionum.

64 1146 157 1225 quod
180 1165 243 1229 ego
259 1164 323 1205 nec
339 1141 530 1225 relinquere
545 1140 692 1229 possum,
714 1161 777 1203 nec
793 1139 919 1205 videre.
966 1140 1040 1208 Tus
1026 1144 1095 1212 l·cn

62 1243 176 1306 lanum
200 1242 390 1329 prescripsi:
418 1241 608 1307 suburbano
633 1264 702 1306 non
723 1239 822 1304 facile
845 1262 953 1305 careo.
997 1242 1093 1312 Ami-

65 1365 184 1405 corum
206 1345 395 1431 benignitas
411 1342 568 1406 exhausta
586 1342 632 1406 est
652 1348 688 1406 in
704 1363 741 1405 ea
757 1363 812 1414 re,
835 1362 918 1425 quae
933 1343 1016 1409 nihil
1035 1346 1091 1412 ha-

62 1446 137 1507 buit
152 1456 286 1532 prneter
306 1444 471 1522 dedecus;
495 1465 640 1528 quorum
663 1441 781 1508 studiis
804 1462 885 1529 ego,
907 1454 941 1506 et
961 1451 1091 1535 copiis,

439 1712 706 1728 m

61 1915 215 1982 Assentior
251 1936 354 1982 autern
388 1916 546 1991 Ernestio,

62 2010 137 2147 quis
138 2005 215 2065 haec
231 2007 327 2089 verba
346 2026 363 2064 ιι
378 2003 547 2086 glossatore

59 2110 120 2166 pro
123 2090 204 2148 secta
225 2088 353 2149 ellos
304 2090 353 2150 sus
351 2094 468 2169 picatua
486 2085 545 2160 est,

58 2173 248 2255 legationem
285 2180 417 2236 votivam
451 2173 546 2252 expli·

60 2279 131 2318 care
161 2259 295 2318 volente.
362 2261 442 2318 Nam
474 2278 545 2320 nua-

58 2347 144 2422 piarn
167 2343 229 2402 tale
250 2344 325 2424 quid
348 2345 471 2403 additur
492 2363 546 2403 vo-

59 2432 141 2486 tivae
163 2443 217 2487 aut
246 2424 362 2489 liberae
385 2427 544 2510 legationi.

58 2512 131 2571 Eius
151 2518 358 2573 coniecturam
380 2511 480 2572 firmat
495 2532 545 2571 va-

58 2602 151 2656 rietas
176 2596 360 2678 scripturae,
406 2612 437 2657 et
460 2598 545 2656 adie-

59 2697 144 2741 ctum
196 2682 375 2742 adverbium
427 2702 543 2755 prope,

57 2767 147 2847 quod
180 2763 230 2826 hic
257 2767 381 2847 prorsus
409 2768 543 2827 alienum

57 2867 89 2911 et
110 2853 344 2911 incommodum
365 2849 416 2910 esl.

100 2934 248 3017 exeundi]
289 2935 346 2995 scil.
376 2957 434 3016 per
458 2935 543 3017 lega·

602 1931 769 1989 tentarunt.
810 1917 922 2000 Itaque
942 1939 1025 1984 nunc
1047 1923 1088 1986 ab

601 2002 711 2060 iisdem
742 2011 875 2063 mutuari
909 2025 976 2066 non
1005 2009 1086 2072 licet.

602 2081 714 2143 Manui
1064 2150 1067 2155 ,

643 2193 720 2251 quae
745 2173 818 2229 nihil
845 2174 944 2231 habuit
967 2187 1090 2250 praeter·

601 2254 747 2338 dedecus]
791 2277 905 2336 nempe
927 2259 1087 2322 consilium

600 2340 685 2400 suum
720 2356 810 2400 notet
836 2342 939 2402 Roma
973 2365 1087 2407 exeun·

601 2427 649 2498 di,
680 2431 765 2485 cuius
788 2447 858 2483 eum
882 2424 981 2487 statim
1004 2429 1087 2507 p·ost

601 2530 696 2590 qnam
731 2509 836 2569 Clodii
869 2511 940 2592 lege
970 2517 1086 2576 eiectus

601 2591 691 2665 ellet,
730 2596 811 2654 adeo
842 2597 1023 2672 poenitebat
1052 2614 1087 2660 ut

600 2701 649 2758 ep.
672 2691 700 2749 8
741 2679 797 2737 illo
827 2678 903 2739 nihil
930 2680 1085 2758 miserius,

599 2769 736 2843 turpius,
774 2765 927 2848 indignius
959 2764 1019 2826 elle
1041 2769 1088 2827 di·

600 2862 692 2907 ceret.
754 2846 828 2908 Post
873 2850 950 2909 baec
993 2853 1087 2914 verba

598 2933 692 3014 vulgo
706 2932 902 2993 addebantur
916 2933 985 2994 ista:
1005 2942 1087 3018 quod

56 3024 175 3080 tionem
198 3025 351 3094 votivam,
394 3041 459 3101 quo
481 3019 543 3080 vel·
591 3019 707 3093 sensisti
726 3028 756 3074 tu
767 3020 885 3092 obscur,
909 3041 981 3095 prae
984 3024 1086 3097 lentes,

56 3104 128 3164 lem.
189 3099 315 3245 Ernesti.

599 3121 681 3181 quae
702 3107 763 3161 iam
783 3105 927 3178 Manutio
949 3104 1087 3186 suspecta

100 3208 151 3246 nec
188 3192 355 3271 relinquere
405 3191 540 3264 pnsum,
597 3189 739 3257 suerunt3
760 3188 988 3248 etvocabulunr
1001 3214 1086 3265 prae

57 3295 108 3331 nec
129 3273 252 3355 uidere]
289 3296 355 3333 non
387 3274 540 3353 relinque·
590 3272 688 3347 sentes
741 3270 895 3331 Ernestius
960 3274 1085 3340 delevit.

55 3379 108 3429 re,
144 3376 277 3439 propter
299 3379 436 3418 amorem
458 3357 540 3420 illius

55 3444 164 3516 villae,
204 3463 263 3503 nec
301 3443 423 3515 videre,
465 3463 539 3522 pro⁴

54 3545 127 3608 pter
143 3526 438 3590 doloremerurna
484 3521 541 3584 Er·

54 3615 138 3688 nesti.

103 3691 294 3773 Tusculanum
355 3692 540 3777 proscripfi]

51 3783 176 3862 Nempe
190 3779 408 3862 proscripserat
424 3779 452 3839 se
468 3801 540 3839 ven·

52 3871 205 3940 diturum,
227 3888 293 3927 non
314 3882 417 3926 tamen
432 3862 540 3945 pollen

54 3953 201 4011 vendidit.
383 4016 386 4024 ¹

97 4033 257 4117 exstuusta]
280 4040 311 4094 ln
331 4031 433 4093 exsilio
454 4028 543 4104 meO,

52 4140 150 4204 quum
171 4143 222 4181 me
250 4139 304 4180 tua
324 4115 540 4200 pecuniosus·
594 4162 603 4193 ··.
675 4174 678 4181 .

596 3358 672 3415 Non
695 3367 792 3438 magis
821 3372 926 3416 tomen
951 3367 1085 3440 genuine

596 3439 665 3501 sunt
692 3440 760 3501 illa:
804 3462 881 3522 quae
907 3443 1024 3520 sensisti
1052 3459 1085 3505 tn

597 3528 716 3602 ahsens;
754 3544 826 3585 nrm
852 3530 1005 3588 Cicerone
1035 3548 1085 3590 exe

596 3609 714 3670 sulante
728 3611 845 3671 Atticus
866 3613 989 3672 Rornae
1010 3617 1085 3690 suit,

597 3697 759 3776 usquead
782 3701 894 3755 exitum
916 3703 988 3758 enni
1012 3702 1084 3777 695.

596 3799 656 3841 nec
690 3786 832 3859 exputeri
850 3783 989 3859 spondi,
1031 3804 1086 3845 rur

596 3864 684 3928 illum
721 3867 833 3925 Cicero
879 3869 932 3922 lroc
968 3869 1086 3943 sensisse

596 3949 688 4007 dicat.
730 3951 845 4032 Itaque
866 3948 930 4012 hoc
955 3974 1086 4034 quoque

596 4037 737 4114 expunxi.

981 4154 988 4187 i
