2506 4808
301 333 586 403 EPISTOLA
627 336 856 404 LXXXIX.
1055 365 1092 408 αι

62 525 150 591 Milo
163 523 276 588 media
292 537 395 588 nocte
411 546 487 588 cum
504 545 626 610 magua
642 545 743 590 manu
762 531 798 589 in
814 545 970 614 campum
989 535 1092 603 venit,

64 627 228 698 Clodius,
255 647 358 709 quum
380 621 523 688 haberet
544 626 764 710 fugitivorum
784 626 932 692 delectas
956 635 1092 716 copim,

60 735 99 793 in
121 748 278 814 campum
297 731 348 789 ire
364 748 434 789 non
453 724 500 788 est
522 724 627 789 ausus.
670 726 754 789 Milo
769 726 947 813 permansit
968 729 1010 792 ad
1025 753 1093 795 me·

60 829 186 893 ridiem
206 823 349 891 mirifica
370 824 548 890 hominum
567 825 712 902 laetitia,
733 827 858 893 summa
876 852 954 895 cum
972 831 1089 918 gloria.
1170 901 1173 911 ,

64 930 252 993 Contentio
273 929 418 992 fratrum
442 933 549 992 trium
572 934 701 1015 turpis,
723 928 830 993 fracta
854 937 921 1005 vis,
942 946 1091 996 contem·

62 1043 141 1116 ptus
164 1030 273 1092 furor.
317 1027 480 1092 Metellus
504 1040 617 1091 tamen
640 1028 800 1118 postulat,
821 1042 858 1094 ut
883 1029 941 1096 fibi
955 1032 1090 1120 postero

64 1131 120 1193 die
140 1135 176 1192 in
197 1130 278 1194 foro
299 1131 539 1193 obnuntietur:
565 1127 650 1192 nihil
671 1127 753 1201 elle,
776 1131 865 1212 quod
882 1136 919 1195 in
933 1155 1090 1221 campum

62 1242 165 1294 noete
181 1235 372 1295 veniretur:
394 1229 426 1294 se
450 1226 535 1293 hora
556 1236 663 1318 prima
681 1237 717 1295 in
733 1231 883 1296 Comitio
898 1235 984 1298 fore.
1028 1235 1090 1300 lta·

63 1352 130 1415 que
145 1343 220 1394 ante
237 1331 327 1394 diem
340 1351 380 1394 xt
389 1329 463 1393 Kal.
478 1335 512 1392 in
523 1331 706 1396 Comitium
714 1331 799 1395 Milo
814 1331 856 1394 de
867 1344 968 1397 nocte
982 1340 1087 1398 venit.

62 1432 225 1500 Metellus
241 1455 318 1498 cum
332 1439 442 1522 prima
464 1431 541 1496 luce
556 1432 676 1496 furtim
693 1439 728 1500 iu
744 1454 899 1522 eampum
911 1437 1088 1500 itineribus

440 1707 710 1722 m

62 1930 153 1983 men,
173 1911 291 1989 inquit,
312 1905 458 1968 Metellus
475 1927 549 1968 con·
606 1921 710 1967 eutem
738 1904 884 1968 credibile
910 1906 982 1967 illos
1007 1904 1091 1989 ipsos

60 1995 124 2066 sul,
146 1993 288 2074 neglecte
310 1992 361 2051 illa
378 1994 472 2052 futuri
491 2012 550 2070 per
603 1993 758 2057 Milonem
780 1993 819 2053 ed
842 1991 1092 2053 obnuntiundum

62 2079 233 2140 comitiales
249 2079 313 2137 diet
330 2074 455 2154 sulpicii
474 2096 550 2153 pro·

61 2162 229 2244 scriptione
243 2165 365 2221 comitia
383 2157 549 2234 hebuillet,

59 2245 117 2310 nili
133 2247 214 2307 Milo
233 2251 266 2306 in
288 2266 430 2326 campum
451 2243 551 2325 ipsum

61 2354 134 2392 cum
161 2352 274 2412 magne
300 2352 411 2402 manu,
449 2345 500 2401 ut,
527 2327 551 2389 fi

63 2438 144 2497 opus
167 2415 257 2487 esset,
286 2419 345 2474 vim
367 2421 398 2474 vi
417 2411 551 2495 repelle·

27 2558 29 2562 .
61 2517 129 2573 ret,
151 2502 312 2581 profectus
333 2497 549 2560 obnuntiuilet.

61 2587 184 2645 Laudat
204 2589 297 2668 igitur
310 2583 464 2643 Milouem
483 2605 551 2643 me·

63 2677 109 2754 gis
145 2674 237 2730 etiem
273 2690 367 2748 quem
398 2671 549 2744 Sextium,

61 2777 135 2816 nem
158 2755 211 2813 ille
231 2769 350 2812 tuntum
366 2751 549 2835 proscripse-

61 2857 121 2910 rat,
140 2836 170 2898 se
184 2842 224 2898 de
238 2838 329 2898 coelo
347 2837 551 2906 servaturum:

62 2925 146 2985 Milo
176 2940 280 2983 eutem
302 2923 343 2981 ed
364 2923 549 3005 religionem

65 3008 208 3088 euspicii,
226 3029 320 3087 quem
342 3005 443 3086 sperni
466 3007 551 3065 vide-

63 3095 119 3153 but
152 3094 367 3154 fortitudinum
404 3091 550 3152 adiunxit.

63 3175 186 3236 Manat,
230 3179 354 3256 Nempe
383 3175 461 3235 haec
487 3174 552 3234 sen·

62 3269 160 3323 tentia
175 3262 308 3321 breviter
323 3258 458 3339 exprelle
473 3256 553 3320 hene

62 3345 339 3407 vitnhnbet:l1aec
361 3357 458 3403 tamen
473 3345 552 3418 sum·

64 3455 115 3491 ma
132 3432 222 3487 totius
236 3435 281 3489 rei
295 3442 359 3488 eret
366 3451 379 3498 ‚·
401 3432 455 3505 uisi
468 3425 549 3487 Milo

66 3522 96 3575 iu
116 3537 250 3590 carnpum
271 3517 478 3593 obnuntiasset,
505 3536 552 3572 co.

64 3604 152 3660 mitia
174 3611 257 3658 eruut
269 3600 388 3670 futuru.
432 3599 493 3660 Alli
511 3596 552 3661 fic

64 3685 301 3747 intellexerunt:
344 3685 422 3746 haec
449 3700 554 3744 temen

63 3772 183 3831 summe
198 3784 263 3830 eret
277 3775 462 3831 concionum
475 3772 555 3829 etri·

65 3855 195 3914 buciliis
210 3856 353 3917 iratribus
369 3853 554 3923 habitarum,

67 3955 104 3999 ut
133 3941 305 4010 edicerent,
342 3936 397 3998 nist
417 3937 499 3997 Milo
521 3941 554 3998 iu

67 4044 212 4102 campum
250 4019 457 4086 obnuntiullet
501 4042 554 4082 co·

67 4113 155 4169 mitia
175 4109 278 4173 lutura
302 4105 372 4171 elle.
413 4109 490 4168 Non
512 4102 556 4166 est

604 2073 797 2158 provocillo.

648 2164 794 2220 contentio
816 2159 956 2230 fratrum
978 2161 1091 2247 trium]

606 2246 744 2318 Metelli,
763 2248 872 2326 Appii,
892 2246 995 2308 Clodii
1010 2267 1093 2328 quos

607 2334 890 2391 eutoenomiuevit.
921 2327 1047 2407 Ernesti.
1148 2336 1152 2346 ’

648 2413 765 2498 turpis]
787 2420 806 2478 i.
824 2435 851 2476 e.
874 2419 1006 2495 turpiter
1030 2416 1093 2475 iru-

604 2496 698 2560 streta
713 2501 780 2569 suit,
797 2501 929 2580 turpiter
943 2496 974 2560 se
988 2499 1102 2578 dedite

604 2604 671 2646 non
703 2598 738 2644 ut
770 2582 1095 2664 Corradusputebet

605 2671 704 2750 turpis
720 2667 831 2729 dieitur
846 2667 875 2729 h.
894 2669 915 2728 l.
932 2672 1091 2731 contentio

606 2755 695 2833 quod
715 2751 849 2832 suscepte
871 2751 998 2814 ellatur
1018 2752 1094 2815 Clo·

606 2841 673 2897 dius
689 2836 836 2898 iudicium
849 2836 1009 2922 effugeret.
1031 2839 1094 2898 Ite·

606 2944 668 3001 que
682 2938 766 2984 recte
777 2927 867 2982 vertit
880 2923 1094 3004 Mongeltius:

607 3010 649 3064 ies
670 3011 752 3064 vuius
773 3006 882 3077 efforts
898 3011 936 3066 de
949 3003 1093 3066 Metellus

607 3104 637 3149 et
656 3095 706 3149 des
721 3095 799 3150 deux
817 3088 940 3150 Clodius
957 3094 1006 3168 ses
1028 3115 1098 3152 rou,

600 3181 663 3253 sins
679 3174 887 3234 tourndrentci
908 3181 973 3233 leur
994 3178 1094 3239 honre.

650 3267 679 3318 iu
700 3257 829 3319 Comitio
842 3260 940 3346 fore]
962 3259 1011 3322 hic
1032 3265 1096 3325 Co·

606 3351 726 3405 mitium
734 3344 1007 3428 significetpertem
1021 3348 1094 3423 lori,

606 3430 660 3488 nbi
686 3435 812 3490 comitis
841 3429 1095 3506 celebrabuntur,

606 3512 630 3572 fi
649 3519 682 3575 iu
702 3535 816 3596 campo
830 3516 949 3576 Martio
963 3535 1028 3578 nou
1042 3514 1098 3579 ht·

607 3598 764 3663 berentur.

644 3682 779 3769 furtim]
806 3698 843 3744 ut
863 3683 1018 3746 Milonem
1040 3683 1098 3744 Μ·

609 3766 705 3840 leret,
730 3774 779 3829 cui
802 3768 920 3830 dixerat
937 3767 968 3830 le
985 3773 1017 3831 in
1035 3769 1098 3829 Co·

609 3858 699 3912 mitio
722 3857 806 3932 sote;
836 3871 949 3934 putens
973 3849 1098 3913 emese

612 3943 736 3998 comitis
771 3944 803 3998 in
837 3958 951 4018 campo
977 3935 1099 3996 hebitu-

611 4043 679 4082 rum
702 4043 795 4102 quem
817 4023 899 4082 Milo
922 4019 1024 4102 pollet
1043 4020 1101 4082 ob·

609 4110 762 4169 nuntiare.
807 4103 930 4165 itanu.
