2506 4808
116 284 184 352 ·70
405 214 708 333 'umsuoun
755 262 850 333 uu.

67 484 72 489 ·
116 463 213 545 gunt.
255 446 441 538 Pompeius
457 457 571 521 umnia
583 449 782 539 pollicetur,
810 461 843 515 et
859 448 1036 539 Caesarii

116 579 183 645 ego
202 560 248 620 ita
272 552 397 624 credo,
440 563 478 615 ut
499 550 583 617 nihil
604 551 647 615 de
671 573 745 616 mea
771 562 1025 642 comparatione

116 674 231 723 nuum.
255 652 407 721 Tribuni
422 651 532 739 plebis
550 651 707 739 designati
723 651 797 717 lunt
808 656 908 723 nobis
923 663 1036 724 amici.

109 756 202 835 Iulos
219 753 250 820 le
265 761 392 841 optime
408 753 618 817 ostendunt.¹
648 750 826 819 Praetores
841 752 1008 827 habemus
1025 784 1036 826 ε

115 854 228 930 [imos.
250 869 282 920 et
300 858 488 919 acerrimos
506 859 611 927 cives,
625 853 828 929 Domitium,
842 854 1030 946 Nigidium,

115 963 244 1031 mium,
276 955 478 1035 Lentulum3
521 955 627 1018 bonos
651 959 752 1019 etium
776 955 880 1021 alios:
903 944 983 1026 'led
1006 961 1036 1027 lu

117 1058 267 1149 gulares.
312 1054 429 1147 Quare
445 1076 605 1143 magnum
619 1057 671 1121 fac
686 1063 835 1121 animum
848 1055 988 1138 habeam,
1009 1078 1036 1129 et

114 1161 252 1225 bonam.
294 1156 348 1221 De
364 1156 503 1245 lingulis
527 1169 641 1221 tamen
664 1161 784 1234 rebus,
814 1182 898 1245 quae
921 1167 1036 1248 quotid

115 1274 253 1335 rantur,
280 1259 402 1325 luciam
422 1271 458 1323 te
476 1259 599 1323 crebro
619 1266 813 1327 certiorem.

497 1429 767 1467 di—-a---

158 1573 197 1629 de
210 1590 276 1629 mea
291 1561 535 1648 comparatione]
563 1567 606 1626 itu
661 1565 704 1628 est
719 1565 848 1648 epistola
862 1567 915 1631 lib.
931 1569 986 1634 lv.
1006 1573 1036 1634 ιε’

113 1658 232 1729 credo,
255 1670 291 1716 ut
306 1651 405 1715 nihilo
420 1650 606 1732 molaugui·
660 1648 781 1713 Manui.

115 1742 184 1803 dius
201 1757 382 1821 comparem
404 1751 436 1797 ot
455 1732 604 1795 munium.
704 1734 911 1824 Memmium]
969 1742 1008 1802 C.

158 1825 268 1885 tribuni
299 1825 391 1900 plebis
421 1856 465 1868 -
494 1817 604 1902 amici]
660 1828 766 1894 mium,
783 1844 854 1883 eum
872 1823 1030 1907 quilncriu

113 1909 263 1995 defignuti
278 1922 382 1970 autem
402 1921 491 1967 erant
513 1926 605 1986 pruo-
660 1915 746 1979 totis,
770 1911 881 1990 quibus
904 1910 968 1990 ipio
987 1932 1036 1992 pu

113 2011 163 2057 ter
185 1995 331 2057 Clodium
353 1990 400 2051 hi:
440 1992 475 2052 L.
500 1993 605 2050 Mum·
660 1989 706 2052 Nl.
724 1995 840 2054 Luculli
860 2016 1008 2068 uxorem,

112 2085 208 2148 mim.
243 2082 277 2142 1..
293 2074 454 2149 Antistius,
489 2076 522 2136 P.
545 2077 605 2136 ne-
662 2097 734 2139 cero
746 2100 795 2159 ep.
806 2092 895 2155 255.
906 2084 1036 2154 iocatur,

113 2163 172 2225 lim
201 2166 312 2248 Ligus,
360 2163 417 2222 Cn.
448 2159 604 2233 Manlius,
660 2167 906 2245 vi13quiquoCn.
918 2167 1036 2246 Pompe

113 2251 150 2310 L.
171 2251 307 2329 Novius,
333 2246 368 2307 C.
387 2244 547 2317 Claudius,
567 2244 604 2305 C.
660 2269 745 2320 rem,
780 2270 838 2328 per
864 2250 1036 2311 Curtium]

113 2335 148 2396 F.
163 2334 208 2395 M.
229 2335 267 2393 N.
284 2330 463 2401 Marcellus,
485 2331 527 2409 Q.
541 2331 605 2389 To·
660 2340 892 2415 grammaticum
924 2334 1037 2397 codicil

113 2423 229 2481 tentius
253 2419 293 2500 Q.
316 2419 349 2476 F.
369 2417 409 2495 Q.
425 2416 464 2474 N.
483 2413 603 2486 Culoo,
659 2417 765 2497 liupro
790 2418 966 2492 l'olicimvit,
998 2436 1033 2480 ut

113 2505 151 2565 C.
173 2502 279 2575 Alfius,
305 2504 362 2561 Cn.
384 2502 542 2560 Domitius
566 2501 601 2560 L.
657 2501 738 2563 libro
762 2505 802 2564 de
824 2503 911 2565 elam
930 2526 1036 2588 gruum

112 2589 147 2650 F.
163 2589 220 2649 Cn.
237 2590 278 2647 N.
294 2583 532 2646 Ahenobarbus.
658 2584 780 2651 Manen,

157 2669 350 2753 Domitium]
377 2671 411 2728 L.
425 2670 603 2728 Domitium
706 2669 876 2754 Lentulum]
917 2671 1036 2733 Recte:

99 2756 369 2836 ¹·Ahenobarbu1n,
394 2753 531 2814 Caesaris
546 2757 603 2812 ini·
659 2761 719 2818 tius
736 2773 766 2817 et
782 2756 904 2839 Piglnun
927 2761 959 2817 in
982 2777 1036 2817 ani

107 2840 323 2911 ‘micilllmum
356 2860 450 2920 quem
475 2856 604 2918 praeto·
659 2839 690 2902 h.
715 2863 742 2903 n.
772 2844 948 2901 docuerunt
971 2839 1035 2902 liun

112 2940 179 2989 rum
194 2947 264 2987 cum
282 2926 316 2985 C.
331 2926 483 2983 Memmio
507 2922 603 2983 collo·
659 2925 689 2986 lo
710 2928 743 2987 L.
771 2926 952 2988 Cornelium
981 2928 1036 2988 Lol

112 3033 172 3094 gn,
198 3030 291 3092 quem
308 3007 357 3069 hic
372 3009 484 3068 Cicero
498 3010 603 3069 nomi·
660 3013 749 3071 Crus.

111 3111 183 3168 not,
213 3097 336 3154 deeius
359 3097 431 3153 actis
455 3092 496 3152 nd
518 3090 603 3153 lenu-
700 3094 791 3178 alios]
811 3094 1036 3176 nempereliqu

109 3196 179 3245 tum
195 3176 328 3240 retulille
342 3181 512 3240 Suetonius
527 3198 604 3258 pto·
659 3196 744 3241 tores
770 3188 801 3240 iu
822 3199 936 3240 annum
965 3179 1036 3261 sequ

113 3266 202 3326 didit.
660 3264 809 3348 defignati
825 3261 951 3325 fuerunt
967 3267 1003 3325 L.
1017 3267 1036 3324 i

157 3346 332 3430 Nigidium]
347 3347 604 3430 P.NigidiumFi·
658 3352 696 3411 T.
717 3355 845 3430 Ampius
865 3351 1000 3422 Bulbus,
1027 3353 1036 3411 l

111 3437 236 3520 guium,
258 3435 477 3493 Romanorum
502 3437 601 3493 omni·
658 3440 773 3494 nemius
798 3437 916 3510 Varro,
952 3436 1036 3498 M.l

110 3541 176 3593 um,
194 3540 258 3580 uno
277 3534 407 3597 excepto
423 3519 469 3576 M.
486 3518 603 3577 Varro·
659 3516 809 3580 Suffenus.

109 3624 167 3681 no,
200 3601 425 3676 domiminum,
447 3601 603 3688 adquam

499 3763 756 3790 ..u-n·-
