2506 4808
173 316 238 388 ποθ
431 303 711 375 EP1STOLA
753 304 961 376 cxnlv.

174 514 286 570 aetam
317 495 475 564 fabellam
496 493 598 563 video
619 491 685 558 elle
707 490 849 570 festive,
891 494 1002 561 nullo
1029 496 1137 563 modo
1153 518 1208 588 pte

175 609 266 671 bavi.

142 726 168 799 4
260 702 373 769 Venio
387 720 479 763 nunc
495 696 536 761 ad
552 695 605 769 id,
625 696 715 780 quod
735 694 848 761 neleio
861 716 909 761 an
923 705 1093 786 primum
1107 697 1212 764 ellede

174 807 298 871 buerit.
311 797 344 866 Ο
359 798 524 863 iucundus
542 795 624 861 mihi
640 809 716 861 tuas
732 797 776 860 de
784 794 972 865 Britannia
985 796 1213 866 literas!time
1252 839 1253 874 ι

174 908 254 971 bant
265 900 453 973 Oceanum,
461 902 620 964 timebam
634 898 717 963 litus
733 895 869 962 inltdae.
892 898 1057 986 Reliqua
1069 905 1213 985 noneqtti
1252 907 1253 990 ᾗ

176 1008 255 1072 dem
271 1016 473 1072 contemno,
494 998 549 1065 led
571 999 649 1087 plue
666 998 930 1063 hebenttnmen
954 1000 1054 1089 spei,
1073 1006 1212 1089 quanti
1251 1009 1253 1064 t

175 1112 302 1178 moris,
324 1108 500 1189 magisque
514 1099 583 1163 lum
600 1099 760 1167 sollicitus
777 1098 1050 1187 exspectatione
1067 1127 1120 1179 ea,
1137 1122 1213 1189 qutn

176 1222 284 1276 metu.
330 1200 387 1269 Te
407 1223 488 1265 vero
518 1195 676 1269 itiitere
703 1198 875 1266 scribendi
898 1213 1092 1295 egregiam
1111 1203 1213 1271 haben

178 1310 289 1379 video.
334 1304 431 1393 Quos
447 1316 484 1365 ιιι
498 1299 599 1376 litus,
621 1324 702 1386 quas
717 1312 854 1365 naturas
869 1323 1001 1369 rernm
1015 1320 1057 1371 et
1069 1306 1215 1377 locorum,

179 1429 266 1494 quos
292 1423 424 1473 mores,
458 1422 541 1483 quas
564 1418 701 1489 gentes,
716 1421 797 1486 quas
821 1424 981 1491 pugnas,
1021 1430 1133 1493 quem
1154 1426 1215 1473 vem

177 1508 286 1597 ipsum
298 1510 542 1591 imperatorem
558 1501 685 1568 habes?
705 1503 779 1589 Ego
794 1514 829 1566 te
850 1504 1034 1585 libenter,
1058 1523 1102 1576 ut
1116 1528 1215 1596 rogas,

179 1610 302 1694 quibus
327 1607 430 1669 rebus
454 1609 525 1679 vie,
546 1606 729 1678 adiuvabo,
753 1616 787 1667 et
809 1606 872 1669 tibi
894 1607 1049 1685 versus,
1070 1630 1160 1697 quoe
1177 1630 1215 1675 te

180 1730 260 1801 gem,
286 1704 397 1787 γλαῦκ’
421 1717 468 1781 ele
487 1701 627 1791 Ἀθήνας
650 1710 793 1769 mittam.

150 1813 172 1879 5
290 1806 362 1874 Sed
382 1804 469 1871 heus
488 1821 544 1880 tu,
565 1807 667 1871 celari
681 1806 800 1871 videor
823 1818 905 1871 ate.
954 1808 1217 1901 Quomodonan

179 1918 228 1979 mi
250 1911 373 1983 frater,
406 1910 448 1971 de
472 1907 594 1972 nostris
617 1903 765 1971 verfibus
790 1904 937 1972 Caesar?
971 1932 1064 1977 nam
1086 1920 1216 2003 primun

179 2016 306 2081 librum
332 2012 362 2076 le
386 2009 500 2097 legisse
523 2006 648 2095 scripsit
667 2010 777 2071 adme
799 2020 891 2072 ante:
916 2020 955 2073 et
968 2020 1096 2097 prima
1117 2014 1174 2091 stc,
1190 2027 1219 2081 ut

183 2128 290 2205 neget
310 2114 342 2178 le
366 2134 410 2176 ne
432 2111 563 2176 Graeca
585 2110 720 2193 quidem
745 2110 886 2175 meliora
904 2109 1043 2199 legisse.
1092 2116 1219 2202 ttettqua

181 2217 225 2283 ed
241 2214 409 2300 quendam
426 2213 540 2277 locum
559 2210 783 2300 paiepeinpe.
823 2212 898 2277 lloe
913 2220 1015 2278 enim
1033 2224 1151 2286 utitur
1163 2238 1219 2285 tter·

561 2458 830 2477 m

180 2626 243 2691 ltoe
259 2623 295 2686 stt
317 2623 412 2707 plene
433 2630 575 2706 erputnri
595 2647 672 2688 eon·
725 2626 825 2698 beret,
847 2623 889 2686 ed
899 2625 939 2705 Q.
948 2624 1000 2688 Fr.
1019 2627 1084 2694 111.
1101 2642 1219 2715 epu„

180 2719 299 2775 lecture
341 2731 408 2771 non
439 2710 551 2789 potest.
618 2711 669 2771 ΑΙ·
726 2712 808 2792 (bui.
825 2712 874 2770 ed.
893 2726 963 2783 152.
984 2716 1085 2799 153.)
1107 2717 1220 2781 Mmt.

180 2796 298 2859 luditur
328 2796 511 2855 adnomen
544 2795 670 2857 lebnleo
767 2798 871 2869 γλαῦκ’
891 2799 928 2863 εἰς
946 2796 1104 2887 Ἀθήνας]
1131 2825 1221 2887 quum

179 2882 329 2964 satyricae
364 2880 555 2959 Sophoclis,
602 2882 669 2941 Σῦν·
724 2882 790 2961 ipse
820 2880 919 2939 versus
955 2888 1090 2960 optime
1124 2894 1220 2951 facin.

179 2967 296 3028 διιπνοι.
339 2965 467 3044 ltaque,
492 2965 582 3044 quod
601 2968 672 3026 Mtt-
723 2967 807 3028 Infra
823 2966 897 3023 dixit
913 2966 1031 3025 eedem
1059 2972 1220 3036 sementi„

179 3056 284 3115 nutius
300 3050 385 3119 vidit,
401 3052 619 3129 renqueedntn
636 3055 668 3112 in
724 3053 866 3133 quoniam
888 3050 942 3122 ipsi
962 3050 1082 3118 flantes
1106 3064 1170 3119 iam
1186 3063 1220 3138 fi.

180 3139 325 3199 convivio
344 3133 468 3194 [ortelle
491 3137 575 3215 opud
590 3138 670 3195 Cae-
725 3138 810 3196 ιίιιιιι.
874 3135 1093 3202 proverbium
1122 3151 1160 3206 ii,
1187 3153 1223 3206 do

179 3222 295 3288 larem,
319 3218 524 3298 nbiQutntue
554 3220 669 3301 aliique
724 3223 816 3281 rebus
840 3216 1046 3296 usurpatum,
1084 3250 1167 3311 qu„
1188 3231 1223 3291 ,A

180 3300 374 3375 interellent,
410 3321 478 3363 ectn
499 3308 669 3365 fueritne·
726 3327 800 3376 eos,
835 3309 889 3384 qui
909 3303 1101 3387 abundent,
1135 3322 1224 3378 mini·

180 3387 261 3452 celle
283 3387 344 3462 el't·,
366 3409 427 3469 qun
450 3394 482 3448 in
504 3412 538 3448 re
555 3393 667 3451 Cicero
723 3412 801 3451 mue.
846 3384 969 3445 Manet.

179 3491 275 3558 neget
288 3474 318 3534 le
330 3474 455 3534 illorum
470 3480 668 3536 convivarum
767 3490 797 3548 5.
822 3478 859 3531 de
878 3474 984 3548 nostris
1002 3482 1167 3568 versibus]
1188 3489 1225 3545 vi·

178 3559 359 3624 sententiam
405 3560 566 3640 probare,
615 3557 670 3619 etst
726 3560 819 3620 detur
839 3556 1010 3641 fignificare
1031 3583 1162 3642 poema
1184 3571 1227 3632 „1

180 3646 315 3728 Quintus
353 3642 397 3703 ibi
434 3644 606 3725 prudenter
638 3643 670 3706 le
727 3648 767 3705 de
782 3645 835 3703 luo
850 3642 1024 3718 consulatu,
1048 3654 1107 3713 vel
1122 3656 1227 3719 deluit

177 3720 314 3816 'gelletit
725 3728 930 3808 temporibus.

224 3812 669 3898 quosrogas]rogabetQuin·
768 3810 978 3896 ῥαθυμάτιρα]
1002 3819 1116 3884 minus
1142 3847 1228 3888 eece·

180 3914 230 3961 tut
253 3902 380 3959 fratrem
404 3895 577 3968 neverim,
601 3901 670 3977 qui·
725 3916 814 3969 rata,
859 3899 971 3976 [cripta
1007 3904 1228 3996 indiligentia.

180 3982 240 4045 but
266 3981 331 4063 ipse
354 3982 395 4042 ed
417 4004 498 4062 opue
518 3983 671 4041 Britanni·
726 3984 824 4047 videri
838 3980 893 4044 fibi
907 3981 1026 4048 elebat.

181 4087 252 4130 eum
266 4087 328 4150 pto
341 4064 411 4142 suis,
427 4082 578 4144 uteretur,
599 4064 671 4128 leri·
