2506 4808
365 306 658 379 -EPISTOLA
698 310 747 377 X.

1039 340 1080 405 ²9

43 502 169 569 verum
188 498 260 565 hoc
276 499 459 565 ridiculum
477 498 542 575 est,
564 499 607 564 de
622 496 781 585 magistro
796 522 885 569 nunc
898 507 1078 595 cognosce·

49 628 93 671 re.
130 602 283 691 Rogavit
298 624 353 666 me
367 602 547 676 Caecilius,
567 615 607 667 ut
621 601 767 666 adessem
783 620 901 671 contra
916 610 1077 676 Satrium.

53 706 126 773 Dies
147 706 224 771 fere
244 702 359 769 nullus
381 702 446 776 est,
474 711 557 788 quin
577 703 634 769 bic
651 704 785 770 Satrius
808 707 947 773 domum
969 734 1079 776 stiram

57 814 196 877 rentitet.
241 804 408 873 Obiervat
427 805 467 869 L.
490 805 686 873 Domitium
708 815 871 873 maxime:
901 832 956 875 me
977 810 1080 877 habet

64 917 253 1001 proximum.
295 907 373 971 Fuit
394 918 428 970 et
452 904 555 981 milri,
585 921 620 971 et
640 907 684 998 Q.
701 909 797 973 fratri
814 930 940 997 magno
957 914 1028 978 usui
1043 920 1080 979 in

12 1032 16 1077 ε
64 1012 167 1079 mitris
195 1011 435 1100 petitionibus.
491 1006 581 1073 Sane
606 1007 676 1073 ium
703 1012 944 1097 perturbatus,
974 1039 1080 1099 quum

61 1112 143 1203 ipius
165 1111 271 1179 Satrii
293 1109 537 1183 familiaritate,
569 1122 643 1174 tum
664 1109 829 1186 Domitii,
862 1120 898 1179 in
920 1140 988 1201 qno
1008 1140 1079 1183 uno

61 1220 190 1279 maxime
222 1217 364 1277 ambitio
394 1211 508 1277 nostra
543 1218 673 1277 nititur.
728 1212 966 1282 Demonstrnvi
995 1216 1080 1283 baec

60 1316 211 1383 caecilio:
243 1313 340 1379 simul
358 1325 393 1376 et
414 1312 498 1377 illud
520 1313 669 1388 ostendi,
692 1312 714 1379 ll
735 1314 802 1403 ipse
821 1340 912 1382 unus
927 1319 1078 1385 camillo

60 1442 117 1485 ano
129 1416 374 1490 contenderet,
400 1436 456 1479 me
481 1420 511 1479 ei
532 1414 777 1480 satisfacturum
794 1416 908 1481 fuisse:
935 1442 1026 1487 nuuc
1041 1428 1079 1487 in

54 1518 140 1587 -eauia
158 1519 394 1585 universorum
424 1517 649 1589 creditorum,
681 1513 859 1583 hominum
882 1521 1079 1608 praesertim

60 1618 337 1709 anpliffimorum,
359 1625 417 1704 qui
431 1617 498 1682 fine
511 1639 570 1691 eo,
592 1640 694 1701 quem
711 1619 880 1686 Caecilius
897 1618 953 1685 luo
972 1629 1079 1689 nomi·

61 1742 96 1785 ne
112 1718 324 1811 perhiberet,
356 1719 454 1787 facile
477 1718 609 1783 carrium
627 1741 846 1787 communem
867 1721 1078 1802 sustinerent,

63 2050 102 2095 sss
119 2032 301 2097 sPrsetors
320 2031 534 2115 impetrabant

63 2116 204 2183 brorum
226 2116 465 2201 polleffioneru,
488 2135 534 2179 at·

46 2222 114 2283 ·que
125 2224 219 2266 unum
235 2226 254 2265 ο
269 2203 324 2267 suo
338 2224 470 2265 numero
480 2204 533 2275 de-

63 2284 199 2371 ligebant,
235 2295 292 2373 qui
315 2288 401 2350 bona
429 2292 534 2351 diven-

64 2372 136 2435 derst
153 2390 187 2435 et
207 2396 247 2436 ex
262 2395 300 2436 ea
315 2381 449 2456 pecunia
463 2374 534 2455 ipsis

63 2454 248 2533 lstisiseeret,
280 2461 412 2521 andeis
433 2461 532 2521 dictus

65 2546 187 2621 muilier
196 2544 256 2607 scil
268 2548 432 2619 auctionis,
449 2546 534 2605 idern

65 2630 210 2768 limgo
225 2646 354 2693 curator
363 2631 533 2694 bonorum.

84 2736 98 2771 0

90 2796 196 2867 fibona
217 2798 376 2885 venirent]
418 2818 535 2879 nempe

68 2874 140 2944 Santi
159 2906 226 2945 non
240 2888 337 2945 Varii.
380 2886 463 2943 Nam
483 2883 534 2945 hic

68 2970 170 3045 quidem
187 2970 280 3031 bonis
303 2986 369 3030 tum
394 2968 532 3041 cesserat,

9 3112 12 3121 ,
66 3057 231 3133 atridetur3
256 3071 287 3115 et
300 3060 452 3137 quoniam
467 3076 533 3116 ma-

9 3158 30 3213 „r
66 3138 154 3201 mam
184 3146 250 3201 eius
273 3139 432 3201 bonorum
461 3162 533 3221 par-

9 3228 30 3277 .='
67 3232 119 3295 ten,
137 3232 169 3287 in
182 3226 325 3286 fraudem
342 3226 533 3285 creditorum

9 3362 11 3375 ,
67 3305 160 3372 Sarnus
191 3316 349 3390 mancipio
383 3308 533 3391 accepille

67 3389 220 3469 dicebatur,
256 3398 332 3455 ideo
361 3397 533 3458 creditores

8 3516 12 3528 ·
67 3494 115 3539 tun
129 3480 200 3556 boc,
224 3502 293 3543 nou
307 3503 376 3542 cum
391 3482 446 3543 illo
461 3502 533 3567 age·

66 3556 129 3628 bant.

21 3704 24 3713 ,
95 3647 124 3712 Ι..
146 3648 293 3732 Pontius]
347 3651 380 3710 L.
401 3651 532 3711 Pontius

65 3732 152 3815 lquila
169 3740 288 3818 dequo
304 3733 356 3796 lib.
367 3737 404 3795 V.
420 3738 460 3795 ad
469 3742 531 3798 mr.

67 3832 228 3901 ip.2.3.4.
279 3818 407 3878 Corrad.

89 3927 182 3966 verum
198 3910 254 3964 hoc
272 3909 430 3964 ridiculum
445 3907 484 3981 est
495 3910 532 3963 de

64 3997 182 4069 magistro
220 4011 296 4049 arene
333 3990 531 4073 cognoscere]

56 4070 122 4139 llaec
144 4078 242 4141 verba
257 4096 354 4139 nemo
377 4082 420 4137 ita
437 4078 532 4159 expli·

591 2033 670 2091 cavit
680 2071 689 2103 ,
712 2046 748 2090 ut
760 2029 829 2092 satis
843 2033 970 2097 iaceret.
999 2038 1080 2116 Opi·

588 2136 651 2177 nor
679 2114 799 2177 infititia
823 2118 903 2189 elle,
933 2122 1079 2185 exilutili

590 2199 728 2283 quadam
743 2200 842 2285 glolla
855 2207 1017 2289 marginali
1032 2225 1078 2271 to·

589 2306 676 2347 mere
693 2306 725 2346 m
747 2304 863 2348 textum
883 2296 1013 2355 invecta.

635 2369 670 2431 L.
690 2366 877 2458 Domitium]
918 2378 976 2438 llic
990 2377 1076 2441 eills.

589 2458 749 2519 Domitius
771 2458 1000 2524 Ahenobarbus
1022 2462 1078 2527 fin-

591 2542 705 2627 gularis
745 2544 905 2605 Ciceronis
943 2554 1077 2620 amieos,

592 2627 682 2708 quod
696 2646 732 2685 re
747 2630 924 2702 declaravit,
946 2651 1077 2713 praetor

592 2733 689 2792 quum
706 2708 780 2772 ellel
794 2716 936 2776 exulante
952 2720 1078 2779 Cicero·

591 2818 641 2857 ne.
688 2792 808 2872 Cajbub.

634 2885 735 2957 inquo
755 2882 827 2967 unii]
869 2898 904 2943 ut
926 2882 1024 2943 nobili
1044 2897 1076 2943 et

590 2966 746 3048 gratioso,
774 2990 894 3050 quippe
910 2974 963 3049 qui
984 2968 1077 3029 urba·

588 3072 662 3111 num
688 3058 816 3135 gratiam
842 3072 873 3114 et
896 3056 1077 3139 dignitatem

588 3132 705 3196 lactare
720 3137 826 3199 solitus
847 3154 923 3200 erat.
965 3138 1078 3199 Caesar

587 3221 641 3284 lib.
657 3223 710 3283 111.
735 3225 774 3285 de
791 3226 875 3287 bello
894 3226 972 3286 civili
990 3236 1075 3298 αδδ.

594 3304 722 3365 Corrad.

634 3416 717 3469 qrrem
736 3389 882 3453 Caecilius
887 3399 944 3471 suo
959 3396 1077 3455 nonu'ne

588 3480 769 3563 perdiderat]
793 3480 821 3542 h.
833 3504 859 3543 e.
872 3478 988 3540 etiamsi
999 3482 1077 3538 llae-

590 3564 675 3623 cibus
697 3586 851 3625 nenunem
876 3568 982 3627 causae
1006 3566 1078 3625 luae

591 3649 776 3709 advocatum
789 3657 815 3709 'vr
826 3654 1011 3732 llmtronum
1025 3649 1076 3707 lra-

590 3733 697 3806 berut,
720 3753 821 3795 tarueu
839 3738 994 3797 universos
1011 3755 1077 3793 cre·

590 3821 708 3880 ditores
750 3824 840 3881 l'acilo
878 3839 1077 3882 communem

590 3908 710 3964 caulam
736 3906 823 3985 polle
849 3908 1010 3975 sustinere,
1041 3918 1077 3961 tlt

591 3992 748 4051 Ciceronis
787 3999 962 4073 patrocinio
1000 3985 1077 4053 nibil

590 4095 670 4156 opus
697 4075 780 4137 ellel.
