2506 4808
108 314 175 379 ,μ
383 281 671 351 emenoni
714 280 869 351 uxttt.

108 475 246 545 infinita
266 478 318 540 vis
340 468 574 546 lacrimarum,
608 483 641 535 et
665 469 834 537 (telorum.
876 468 976 539 Haec·
993 475 1029 563 -ipi

116 600 185 662 quo
200 575 281 640 fletu
295 583 394 659 putas
410 567 592 657 scripsisse?
617 572 758 645 eodem,
779 593 845 655 quo
861 584 897 639 te
918 573 1028 665 legere

116 679 194 745 icio.
238 673 296 740 An
318 695 382 761 ego
406 672 535 761 poiium
557 685 707 737 autnon
733 680 884 761 cogitare
904 674 1029 761 aliquan

117 793 171 852 te,
193 789 250 842 aut
270 795 429 857 umquam
452 771 517 837 fine
540 773 687 839 lacrimis
711 772 888 862 cogitare?
916 774 1026 867 Quum

115 894 152 947 te
172 875 340 948 deutero,
362 875 505 939 fratrem
528 872 633 940 fnium
656 873 834 941 defidero?
855 878 932 965 Ego
947 899 1024 945 vero

116 997 188 1049 tate
217 977 406 1063 aequalem,
444 973 603 1058 obsequio
633 974 758 1052 filium,
796 977 934 1044 consilio
960 1001 1029 1067 part

115 1084 211 1175 Quid
231 1079 316 1146 mihi
338 1076 404 1143 stne
428 1089 463 1143 te
482 1101 661 1161 umquam,
697 1090 754 1143 aut
774 1081 836 1143 tibi
866 1077 1011 1146 {inerme

110 1189 201 1253 aium
214 1178 301 1251 fuit?
324 1177 433 1269 Quid,
454 1180 545 1260 quod
562 1181 683 1246 eodem
699 1192 852 1267 tempore
860 1178 1029 1249 deiideroti

113 1309 183 1372 ‚qua
199 1291 339 1372 pietate,
362 1301 426 1363 qua
443 1280 614 1356 modestia,
636 1304 704 1365 quo
719 1276 883 1367 ingenio?
905 1279 1029 1371 effigiet

114 1389 301 1457 sermonum,
325 1385 427 1447 animi
444 1377 534 1445 mei?
556 1382 647 1470 Quid
664 1380 768 1446 lilium
786 1381 1029 1450 venuitiismtnn

114 1488 221 1571 itique
244 1478 489 1551 dulcissimum?
533 1504 635 1566 quern
658 1503 723 1569 ego
750 1482 866 1557 ierus,
907 1506 947 1551 ac
974 1488 1029 1553 fer.

119 1587 302 1678 complexu
317 1583 423 1651 dimist
440 1606 535 1657 meo,
555 1583 794 1673 sapientiorem
810 1606 955 1671 puerum
969 1610 1029 1673 qua

115 1690 205 1771 -lem3
229 1688 390 1753 sentiebat
410 1691 501 1751 enim
516 1684 616 1751 miser
638 1691 723 1759 iam,
744 1684 827 1767 quid
843 1702 1013 1773 ageretur.

114 1812 200 1860 ¹vero
223 1805 320 1855 tuum
339 1783 468 1851 filium?
493 1785 574 1872 quid
592 1791 777 1875 imaginem
798 1801 911 1864 tuam,
933 1813 1029 1875 quam

152 2098 303 2173 suavitate
331 2096 506 2181 aequalem]
554 2098 605 2159 Sic
659 2095 723 2159 hoa
741 2094 813 2159 sene
826 2095 916 2159 nium
932 2094 1009 2173 ess'e;
1027 2136 1029 2147 ·

114 2199 202 2243 recte
221 2183 398 2256 Manutius,
427 2198 462 2244 ut
484 2183 604 2243 Petrar·
659 2187 725 2243 Art.
753 2204 780 2244 c.
801 2184 859 2262 8·).
904 2183 1029 2245 Ceterut

115 2288 153 2335 ea
178 2287 308 2347 quoque
337 2288 386 2347 ep.
408 2288 474 2348 107.
496 2272 528 2327 in
551 2286 604 2327 co·
660 2266 840 2329 adverbium
868 2289 965 2344 prope
990 2290 1025 2329 ax

114 2352 187 2412 'dice
209 2350 264 2411 ino
287 2351 425 2440 legerat,
456 2370 515 2412 nec
538 2366 604 2411 erat
660 2351 797 2429 acceilit;
816 2373 913 2434 quum
924 2353 1029 2434 scriptu

116 2456 173 2515 ¹cur
212 2454 403 2521 repugnaret
439 2433 604 2497 Ernestius.
652 2432 787 2506 fratrem
801 2441 974 2514 aequalem,
998 2437 1029 2498 ai

114 2520 222 2606 Vulgo
259 2545 315 2601 ego
354 2545 425 2582 vero
454 2522 605 2598 suavitate
660 2523 739 2583 didit
752 2543 864 2598 prope,
886 2538 922 2582 ut
937 2525 1029 2583 Mara

112 2628 211 2684 propa
222 2606 360 2677 fratrem
379 2628 474 2682 prope
495 2626 604 2687 aequa·
660 2611 841 2687 quotannis
860 2611 1014 2671 maiorem

113 2697 183 2754 lem.
225 2690 378 2753 Ernestius
393 2693 492 2753 edidit
505 2694 605 2767 suani.
659 2708 812 2753 moneret.

114 2787 178 2835 tate
207 2775 344 2846 fratrem
371 2797 465 2852 prope
493 2798 602 2858 nequa·
694 2777 909 2852 sapientiorem
925 2800 1029 2856 quamn

115 2866 185 2920 Ietn.
228 2862 291 2920 Sed
308 2882 405 2942 quum
428 2879 519 2922 antea
539 2867 602 2921 iam
658 2859 895 2940 sapientiorem,
937 2869 1010 2945 quia

115 2949 228 3006 Cicero
251 2943 406 3028 negaffet‚
435 2946 601 3028 se‚'quura
659 2946 761 3029 gebat·
790 2946 880 3027 plus,
923 2969 1017 3030 qnam

115 3032 266 3109 Quintum
283 3028 451 3103 desideret,
474 3032 600 3092 fratrem
660 3031 759 3114 Quam
773 3035 895 3106 vellem,
919 3037 1029 3114 quien

110 3113 214 3177 iulum
245 3113 436 3188 desiderare,
471 3136 526 3177 cur
552 3114 602 3175 hic
655 3133 749 3199 pater
766 3115 864 3177 filium
883 3137 952 3179 uon
976 3122 1029 3179 intt

106 3196 243 3271 fratrem
288 3201 474 3279 repeteret?
518 3201 602 3261 Inter
657 3202 903 3283 magnitudinem
927 3204 1017 3275 maii,

111 3282 323 3351 adolescentes
348 3286 524 3366 aequalium
557 3286 602 3344 fa·
658 3307 716 3347 uus
734 3286 866 3347 doleret.
912 3280 1029 3365 Ernesti

109 3370 270 3433 miliaritas
312 3367 481 3431 suaviffima
523 3368 601 3430 solet
700 3375 776 3452 qnid
821 3372 986 3449 imaginem

109 3451 191 3523 eise,
229 3471 261 3513 et
282 3457 438 3515 eiusmodi
465 3458 599 3517 amicitia
658 3475 767 3517 omnes
779 3454 848 3516 libri
865 3458 1028 3536 imaginem

110 3539 176 3609 iere
205 3536 345 3599 constant
368 3562 406 3600 ac
433 3554 599 3619 perpetua.
654 3543 698 3601 At
718 3561 778 3622 ego
803 3562 870 3603 nnn
890 3544 1029 3606 dubitavi

108 3623 222 3703 Itaque
244 3644 339 3703 quum
360 3626 523 3694 Corneliae
537 3625 600 3683 Na·
653 3635 756 3697 tunm,
779 3640 814 3684 ut
834 3629 984 3691 Manutio
1006 3644 1029 3690 et

109 3728 169 3788 pus
194 3713 352 3767 amicitiae
370 3715 450 3772 inter
468 3709 599 3769 Brutum
653 3710 732 3773 bino
747 3710 875 3790 placuit.
920 3715 1029 3775 Namr

110 3809 141 3854 et
154 3798 290 3853 Atticum
312 3791 457 3855 summam
474 3791 598 3853 neceffi-
654 3792 696 3855 stc
722 3795 825 3867 iubet..
858 3796 896 3856 ln
925 3796 1029 3861 blandi

108 3878 250 3939 tudinem
285 3875 455 3960 significare
486 3877 597 3951 vellet,
654 3879 772 3941 liberos
811 3883 996 3957 parentibus

106 3966 153 4033 ait
183 3962 272 4025 nullo
309 3963 394 4029 ilium
422 3962 598 4025 adolescen·
654 3985 724 4027 mos
751 3967 865 4025 dicere.
912 3962 1029 4047 Ernesti

108 4038 598 4137 temaequaliiamiliaaimquan}
