2506 4808
265 312 549 412 rrrsrorn
601 323 709 390 nx.
934 345 997 415 ¹79

87 505 188 573 lam?
207 530 277 576 non
299 509 445 598 rogem?
473 509 540 576 fine
560 523 594 574 te
609 518 715 601 igitur
733 509 815 576 fim?
851 510 996 600 Opinor,

87 624 139 673 lm.
179 607 219 677 Si
239 609 285 674 est
307 607 380 698 spes
404 609 509 676 nostri
531 612 681 695 reditus,
705 635 778 676 eam
801 610 995 689 confirmem,

87 711 259 778 nadiuves.
305 709 387 790 Sin,
407 723 446 776 ut
468 733 543 799 ego
556 726 689 788 metuo,
710 726 919 779 transactum
939 714 997 790 est,

87 811 237 878 eomodo
263 824 383 898 potes,
413 813 455 876 ad
478 836 534 878 me
554 816 607 880 sac
628 822 755 883 venias.
798 815 914 882 Unum
928 814 998 881 hoo

115 913 132 978 fi
159 927 193 979 te
212 911 364 985 habebo,
390 914 460 978 iion
483 913 566 980 mihi
585 917 727 982 videbor
746 915 845 1005 plane
867 915 997 1006 perisse.

87 1016 146 1099 {uid
166 1013 209 1078 de
225 1011 375 1077 Tulliola
389 1038 462 1080 mea
477 1014 560 1081 fiet?
580 1024 648 1082 iam
661 1018 696 1081 id
711 1039 771 1083 vos
789 1020 915 1083 videte:
938 1025 999 1085 mi-

87 1117 117 1183 tst
135 1112 320 1182 confilium.
366 1113 439 1181 Sed
454 1130 565 1192 certe,
597 1139 734 1202 quoquo
758 1119 862 1184 modo
885 1119 918 1185 se
939 1140 997 1185 res

86 1225 131 1293 it,
152 1216 241 1282 illius
263 1213 408 1280 misellae
432 1231 465 1282 et
486 1225 722 1292 matrimonio,
752 1233 786 1284 et
807 1221 914 1285 famae
935 1218 999 1284 ser·

86 1342 130 1384 nn
158 1317 216 1381 est.
260 1312 377 1405 Quid?
415 1319 539 1385 Cicero
562 1340 658 1384 meus
685 1319 766 1401 quid
789 1319 891 1410 aget?
932 1319 998 1387 Iste

87 1435 106 1487 *t
120 1425 156 1485 in
175 1416 245 1511 finu
258 1415 407 1504 semper,
433 1431 467 1482 et
482 1420 664 1508 complexu
677 1442 766 1485 meo.
809 1421 888 1487 Non
910 1443 998 1506 queo

89 1529 159 1588 iam
179 1518 342 1583 scribere:
381 1521 524 1606 impedit
548 1543 694 1589 maeror.
738 1521 797 1588 Tu
820 1523 901 1607 quid
925 1545 1000 1613 ege·

87 1623 192 1689 escio:
225 1630 341 1683 utrum
361 1617 486 1702 aliquid
502 1634 640 1697 teneas,
668 1645 726 1698 an,
755 1625 845 1708 quod
869 1639 997 1700 metuo,

91 1723 136 1790 fis
163 1720 312 1810 spoliata.
361 1716 532 1796 Pisonem,
569 1737 609 1789 ut
630 1723 768 1801 scribiS‚
807 1724 904 1816 spero
921 1727 998 1792 sore

87 1822 285 1890 rnostrum.

88 1950 106 1993 e
138 1925 262 1992 familia
286 1923 443 1997 liberata,
473 1920 559 1987 nihil
587 1923 652 2000 est,
686 1926 777 2010 quod
794 1938 828 1990 te
848 1939 1027 2010 moveat.3

87 2051 142 2102 m,
166 2033 235 2092 tuis
251 2031 301 2091 ita
313 2024 509 2113 promissum
524 2025 585 2099 est,
604 2039 642 2089 te
662 2029 834 2095 facturum
849 2028 934 2103 esse,
958 2042 998 2094 ut

87 2153 114 2196 te
130 2128 210 2194 esset
223 2133 378 2193 meritus.
422 2125 478 2190 Est
493 2140 605 2191 autem
619 2132 657 2192 in
669 2126 784 2193 officio
806 2127 917 2193 adhuc
935 2128 1000 2196 Or-

88 2257 97 2297 :
131 2245 307 2321 praeterea
325 2249 530 2316 magnopere
550 2252 663 2295 nemo·
713 2230 918 2296 Ceterorum
936 2230 999 2296 ser·

87 2360 93 2397 ι
119 2355 156 2397 ea
179 2330 273 2397 eausa
295 2329 358 2403 est,
378 2341 433 2402 ut,
454 2326 477 2391 fi
499 2351 554 2394 res
579 2352 598 2394 a
619 2330 719 2394 nobis
743 2329 872 2405 abisset,
898 2332 998 2396 liber·

87 2431 255 2510 messem,
280 2429 302 2493 s1
318 2433 473 2521 obtinere
494 2430 694 2518 potuissent;
722 2428 767 2494 fin
783 2432 823 2493 ad
844 2453 909 2496 nos
923 2453 997 2519 per·

87 2551 114 2611 t,
142 2534 325 2605 servirent,
356 2543 597 2624 praeterquam
619 2529 745 2618 oppido
764 2532 874 2620 pauci.
924 2528 998 2599 Sed

87 2643 203 2702 ninora
222 2634 307 2698 sunt.

88 2762 113 2803 u
135 2735 225 2822 quotl
245 2757 300 2799 me
323 2732 490 2826 hortaris,
514 2745 553 2797 ut
577 2737 688 2795 animo
718 2728 777 2795 sim
797 2754 936 2820 magno,
961 2749 1028 2834 et4

87 2837 226 2903 habeam
247 2835 495 2927 recuperandae
517 2832 646 2897 salutis:
672 2831 709 2899 id
728 2832 828 2900 velim
850 2834 888 2900 fit
911 2841 998 2903 eius-

350 3025 618 3044 Μ

87 3172 90 3189 >
96 3146 224 3219 familia
239 3144 379 3230 liher'ata]
396 3146 458 3204 Te·
513 3162 550 3202 ea
562 3139 759 3208 adimeretur,
775 3139 864 3222 quod
880 3140 998 3204 anobis

91 3235 252 3295 audiverat
275 3233 457 3291 Ciceronem
513 3232 546 3289 iu
565 3225 705 3285 i'reudem
725 3226 801 3309 legis
815 3224 938 3286 liberati
953 3227 1000 3289 di·

118 3316 185 3378 suos
227 3332 260 3376 et
290 3318 458 3377 Terentino
515 3325 667 3373 ceremur.
697 3305 771 3370 Ern.

87 3398 309 3474 manumisisse,
329 3403 469 3479 eiusque·
550 3395 597 3470 sin
606 3396 646 3451 ad
654 3415 705 3454 nos
711 3393 889 3478 pertineret]
904 3394 999 3478 Vulg.

87 3485 329 3549 asa‘sollicitam'
345 3483 377 3545 se
398 3479 458 3544 esse
514 3482 705 3556 pertinerent.
736 3481 834 3560 Quod
849 3481 1000 3541 Graevius

87 3587 161 3634 erat.
514 3571 558 3625 ita
576 3563 766 3645 explicabat:
791 3567 862 3640 sin;
884 3563 1001 3642 (seila

87 3656 138 3740 it]
179 3653 273 3738 Vulg.
293 3653 398 3730 abesset
413 3655 459 3714 ni·
515 3648 606 3710 nobis
622 3668 671 3708 res
682 3645 809 3728 abesset)
825 3653 1002 3725 adnosper.

87 3741 112 3803 l.
162 3740 260 3800 Recte
292 3739 459 3798 Lambinus
517 3739 664 3806 tinet-ent,
699 3731 794 3793 noslri
829 3749 999 3796 manerent.

87 3833 107 3887 it
127 3824 238 3903 abisset.
277 3819 403 3901 Ernesti.
515 3818 579 3879 Sed
595 3817 656 3879 hoc
672 3823 850 3898 exprimitur
864 3816 1001 3878 vocabu·

87 3915 183 3971 tinere
196 3907 368 3991 potniffent]
392 3905 421 3966 h.
432 3927 459 3968 e.
515 3904 550 3964 lo
566 3904 724 3978 seruirent.
775 3903 886 3985 Itaque
907 3902 999 3978 perti·

87 3993 198 4058 niffent
225 3995 396 4056 defendere
424 3991 461 4051 li·
517 4000 601 4046 neret
622 3987 746 4068 reposui
767 3985 827 4051 scil.
850 4006 899 4047 ret
912 3986 1003 4046 semi·

87 4103 130 4145 un
144 4079 403 4169 ottobonum,
419 4093 461 4141 ne
516 4073 598 4134 liaris
612 4071 727 4136 nostre.
