<?xml version="1.0" encoding="UTF-8"?>
<!DOCTYPE html PUBLIC "-//W3C//DTD XHTML 1.0 Transitional//EN"
    "http://www.w3.org/TR/xhtml1/DTD/xhtml1-transitional.dtd">
<html xmlns="http://www.w3.org/1999/xhtml" xml:lang="en" lang="en">
 <head>
  <title>
</title>
<meta http-equiv="Content-Type" content="text/html;charset=utf-8" />
  <meta name='ocr-system' content='tesseract 3.04.00' />
  <meta name='ocr-capabilities' content='ocr_page ocr_carea ocr_par ocr_line ocrx_word'/>
</head>
<body>
  <div class='ocr_page' id='page_1' title='image "./mtciceronisepis00billgoog/mtciceronisepis00billgoog_0562.png"; bbox 0 0 2506 4808; ppageno 0'>
   <div class='ocr_carea' id='block_1_1' title="bbox 328 260 1103 398">
    <p class='ocr_par' dir='ltr' id='par_1_1' title="bbox 328 260 1103 398">
     <span class='ocr_line' id='line_1_1' title="bbox 328 260 1103 398; baseline 0.013 -31"><span class='ocrx_word' id='word_1_1' title='bbox 328 260 615 369; x_wconf 77' lang='lat' dir='ltr'>ams&#39;rota</span> <span class='ocrx_word' id='word_1_2' title='bbox 640 302 857 375; x_wconf 50' lang='lat' dir='ltr'>&#39;extur-</span> <span class='ocrx_word' id='word_1_3' title='bbox 1040 334 1103 398; x_wconf 79' lang='lat'>219</span> 
     </span>
    </p>
   </div>
   <div class='ocr_carea' id='block_1_2' title="bbox 69 482 1208 1491">
    <p class='ocr_par' dir='ltr' id='par_1_2' title="bbox 69 482 1208 1491">
     <span class='ocr_line' id='line_1_2' title="bbox 71 482 1208 569; baseline 0.013 -18"><span class='ocrx_word' id='word_1_4' title='bbox 71 487 206 552; x_wconf 83' lang='lat' dir='ltr'>Furiam</span> <span class='ocrx_word' id='word_1_5' title='bbox 231 489 373 552; x_wconf 81' lang='lat' dir='ltr'>verbnm</span> <span class='ocrx_word' id='word_1_6' title='bbox 395 487 614 555; x_wconf 76' lang='lat' dir='ltr'>rescriberet·</span> <span class='ocrx_word' id='word_1_7' title='bbox 647 487 1133 569; x_wconf 58' lang='grc' dir='ltr'>Α111111111111111110111111111Ἷ</span> <span class='ocrx_word' id='word_1_8' title='bbox 1205 482 1208 488; x_wconf 30' lang='lat'><em>⁴</em></span> 
     </span>
     <span class='ocr_line' id='line_1_3' title="bbox 71 588 1132 683; baseline 0.013 -31"><span class='ocrx_word' id='word_1_9' title='bbox 71 589 172 652; x_wconf 84' lang='lat' dir='ltr'>Marii</span> <span class='ocrx_word' id='word_1_10' title='bbox 194 595 360 653; x_wconf 89' lang='lat' dir='ltr'>oratione.</span> <span class='ocrx_word' id='word_1_11' title='bbox 404 589 506 680; x_wconf 85' lang='lat' dir='ltr'>Quod</span> <span class='ocrx_word' id='word_1_12' title='bbox 533 590 672 666; x_wconf 70' lang='lat' dir='ltr'>scribiS,</span> <span class='ocrx_word' id='word_1_13' title='bbox 700 598 823 659; x_wconf 89' lang='lat' dir='ltr'>miror:</span> <span class='ocrx_word' id='word_1_14' title='bbox 860 597 922 659; x_wconf 90' lang='lat' dir='ltr'>tibi</span> <span class='ocrx_word' id='word_1_15' title='bbox 949 597 1102 683; x_wconf 83' lang='lat' dir='ltr'>plaeere,</span> <span class='ocrx_word' id='word_1_16' title='bbox 1119 588 1132 607; x_wconf 60' lang='grc'><em>”</em></span> 
     </span>
     <span class='ocr_line' id='line_1_4' title="bbox 70 689 1105 781; baseline 0.012 -26"><span class='ocrx_word' id='word_1_17' title='bbox 70 713 127 755; x_wconf 85' lang='lat' dir='ltr'>rue</span> <span class='ocrx_word' id='word_1_18' title='bbox 151 689 192 753; x_wconf 88' lang='lat' dir='ltr'>ad</span> <span class='ocrx_word' id='word_1_19' title='bbox 218 711 290 753; x_wconf 85' lang='lat' dir='ltr'>eam</span> <span class='ocrx_word' id='word_1_20' title='bbox 313 690 516 768; x_wconf 84' lang='lat' dir='ltr'>rescribere,</span> <span class='ocrx_word' id='word_1_21' title='bbox 545 693 740 781; x_wconf 87' lang='lat' dir='ltr'>praesertim</span> <span class='ocrx_word' id='word_1_22' title='bbox 763 716 865 778; x_wconf 89' lang='lat' dir='ltr'>quum</span> <span class='ocrx_word' id='word_1_23' title='bbox 887 694 979 761; x_wconf 87' lang='lat' dir='ltr'>illam</span> <span class='ocrx_word' id='word_1_24' title='bbox 1000 720 1105 777; x_wconf 83' lang='lat' dir='ltr'>nemo</span> 
     </span>
     <span class='ocr_line' id='line_1_5' title="bbox 69 791 1102 884; baseline 0.013 -30"><span class='ocrx_word' id='word_1_25' title='bbox 69 791 222 856; x_wconf 85' lang='lat' dir='ltr'>lecturus</span> <span class='ocrx_word' id='word_1_26' title='bbox 243 791 297 866; x_wconf 84' lang='lat' dir='ltr'>sit,</span> <span class='ocrx_word' id='word_1_27' title='bbox 336 792 358 857; x_wconf 85' lang='lat' dir='ltr'>fi</span> <span class='ocrx_word' id='word_1_28' title='bbox 380 816 443 882; x_wconf 82' lang='lat' dir='ltr'>ego</span> <span class='ocrx_word' id='word_1_29' title='bbox 463 792 547 859; x_wconf 86' lang='lat' dir='ltr'>nihil</span> <span class='ocrx_word' id='word_1_30' title='bbox 568 793 784 884; x_wconf 81' lang='lat' dir='ltr'>rescripsero,</span> <span class='ocrx_word' id='word_1_31' title='bbox 820 817 930 860; x_wconf 86' lang='lat' dir='ltr'>meam</span> <span class='ocrx_word' id='word_1_32' title='bbox 950 798 1102 867; x_wconf 84' lang='lat' dir='ltr'>inillam</span> 
     </span>
     <span class='ocr_line' id='line_1_6' title="bbox 69 896 1100 987; baseline 0.01 -30"><span class='ocrx_word' id='word_1_33' title='bbox 69 899 166 980; x_wconf 87' lang='lat' dir='ltr'>pueri</span> <span class='ocrx_word' id='word_1_34' title='bbox 189 916 328 968; x_wconf 85' lang='lat' dir='ltr'>ornnes,</span> <span class='ocrx_word' id='word_1_35' title='bbox 361 908 533 978; x_wconf 79' lang='lat' dir='ltr'><strong>tamquam</strong></span> <span class='ocrx_word' id='word_1_36' title='bbox 556 897 699 970; x_wconf 83' lang='lat' dir='ltr'>dictata,</span> <span class='ocrx_word' id='word_1_37' title='bbox 731 896 931 987; x_wconf 82' lang='lat' dir='ltr'>perdiscant.</span> <span class='ocrx_word' id='word_1_38' title='bbox 973 900 1100 968; x_wconf 80' lang='lat' dir='ltr'>Libros</span> 
     </span>
     <span class='ocr_line' id='line_1_7' title="bbox 70 995 1101 1084; baseline 0.01 -25"><span class='ocrx_word' id='word_1_39' title='bbox 70 1017 186 1069; x_wconf 76' lang='lat' dir='ltr'>mena,</span> <span class='ocrx_word' id='word_1_40' title='bbox 221 1018 306 1079; x_wconf 87' lang='lat' dir='ltr'>quos</span> <span class='ocrx_word' id='word_1_41' title='bbox 329 995 521 1084; x_wconf 83' lang='lat' dir='ltr'>exspectas,</span> <span class='ocrx_word' id='word_1_42' title='bbox 547 995 723 1065; x_wconf 86' lang='lat' dir='ltr'>inchoavi:</span> <span class='ocrx_word' id='word_1_43' title='bbox 758 997 823 1067; x_wconf 77' lang='lat' dir='ltr'>sed,</span> <span class='ocrx_word' id='word_1_44' title='bbox 840 997 1009 1066; x_wconf 85' lang='lat' dir='ltr'>conficere</span> <span class='ocrx_word' id='word_1_45' title='bbox 1028 1025 1101 1069; x_wconf 89' lang='lat' dir='ltr'>non</span> 
     </span>
     <span class='ocr_line' id='line_1_8' title="bbox 69 1094 1153 1189; baseline 0.008 -30"><span class='ocrx_word' id='word_1_46' title='bbox 69 1095 199 1183; x_wconf 88' lang='lat' dir='ltr'>possum</span> <span class='ocrx_word' id='word_1_47' title='bbox 221 1094 275 1162; x_wconf 86' lang='lat' dir='ltr'>his</span> <span class='ocrx_word' id='word_1_48' title='bbox 290 1098 421 1163; x_wconf 83' lang='lat' dir='ltr'>diebus.</span> <span class='ocrx_word' id='word_1_49' title='bbox 468 1095 650 1163; x_wconf 86' lang='lat' dir='ltr'>Orationes</span> <span class='ocrx_word' id='word_1_50' title='bbox 667 1097 864 1188; x_wconf 84' lang='lat' dir='ltr'>efflagitatas</span> <span class='ocrx_word' id='word_1_51' title='bbox 885 1122 950 1189; x_wconf 87' lang='lat' dir='ltr'>pro</span> <span class='ocrx_word' id='word_1_52' title='bbox 965 1098 1100 1168; x_wconf 87' lang='lat' dir='ltr'>Scauro</span> <span class='ocrx_word' id='word_1_53' title='bbox 1125 1126 1153 1161; x_wconf 72' lang='lat'>.¹·</span> 
     </span>
     <span class='ocr_line' id='line_1_9' title="bbox 70 1195 1100 1286; baseline 0.006 -24"><span class='ocrx_word' id='word_1_54' title='bbox 70 1211 105 1262; x_wconf 91' lang='lat' dir='ltr'>et</span> <span class='ocrx_word' id='word_1_55' title='bbox 132 1220 197 1285; x_wconf 85' lang='lat' dir='ltr'>pro</span> <span class='ocrx_word' id='word_1_56' title='bbox 218 1195 512 1278; x_wconf 64' lang='lat' dir='ltr'>Planciotfiabsolvi.</span> <span class='ocrx_word' id='word_1_57' title='bbox 565 1197 688 1264; x_wconf 74' lang='lat' dir='ltr'>Poema</span> <span class='ocrx_word' id='word_1_58' title='bbox 716 1202 758 1265; x_wconf 84' lang='lat' dir='ltr'>ad</span> <span class='ocrx_word' id='word_1_59' title='bbox 782 1201 972 1274; x_wconf 77' lang='lat' dir='ltr'>Caesarem,</span> <span class='ocrx_word' id='word_1_60' title='bbox 1007 1203 1100 1286; x_wconf 84' lang='lat' dir='ltr'>quocl</span> 
     </span>
     <span class='ocr_line' id='line_1_10' title="bbox 69 1296 1099 1395; baseline 0.008 -33"><span class='ocrx_word' id='word_1_61' title='bbox 69 1296 341 1385; x_wconf 83' lang='lat' dir='ltr'>composueram,</span> <span class='ocrx_word' id='word_1_62' title='bbox 361 1299 478 1364; x_wconf 82' lang='lat' dir='ltr'>incidi·</span> <span class='ocrx_word' id='word_1_63' title='bbox 524 1298 607 1367; x_wconf 86' lang='lat' dir='ltr'>Tibi</span> <span class='ocrx_word' id='word_1_64' title='bbox 620 1301 712 1383; x_wconf 89' lang='lat' dir='ltr'>quod</span> <span class='ocrx_word' id='word_1_65' title='bbox 727 1322 848 1390; x_wconf 85' lang='lat' dir='ltr'>rogas,</span> <span class='ocrx_word' id='word_1_66' title='bbox 868 1306 1025 1385; x_wconf 82' lang='lat' dir='ltr'>quoniam</span> <span class='ocrx_word' id='word_1_67' title='bbox 1038 1301 1099 1395; x_wconf 80' lang='lat' dir='ltr'>tpti</span> 
     </span>
     <span class='ocr_line' id='line_1_11' title="bbox 69 1397 988 1491; baseline -0.005 -21"><span class='ocrx_word' id='word_1_68' title='bbox 69 1401 183 1470; x_wconf 86' lang='lat' dir='ltr'>fontes</span> <span class='ocrx_word' id='word_1_69' title='bbox 199 1407 266 1466; x_wconf 87' lang='lat' dir='ltr'>iam</span> <span class='ocrx_word' id='word_1_70' title='bbox 280 1397 409 1474; x_wconf 76' lang='lat' dir='ltr'>sitiunt,</span> <span class='ocrx_word' id='word_1_71' title='bbox 428 1397 532 1485; x_wconf 81' lang='lat' dir='ltr'>siquid</span> <span class='ocrx_word' id='word_1_72' title='bbox 552 1399 682 1469; x_wconf 84' lang='lat' dir='ltr'>habebo</span> <span class='ocrx_word' id='word_1_73' title='bbox 700 1399 812 1491; x_wconf 84' lang='lat' dir='ltr'>spatii,</span> <span class='ocrx_word' id='word_1_74' title='bbox 833 1402 988 1475; x_wconf 81' lang='lat' dir='ltr'>scribam.</span> 
     </span>
    </p>
   </div>
   <div class='ocr_carea' id='block_1_3' title="bbox 448 1670 716 1691">
    <p class='ocr_par' dir='ltr' id='par_1_3' title="bbox 448 1670 716 1691">
     <span class='ocr_line' id='line_1_12' title="bbox 448 1670 716 1691; baseline 0.015 -6"><span class='ocrx_word' id='word_1_75' title='bbox 448 1670 716 1691; x_wconf 54' lang='lat' dir='ltr'>m</span> 
     </span>
    </p>
   </div>
   <div class='ocr_carea' id='block_1_4' title="bbox 55 1864 1191 4070">
    <p class='ocr_par' dir='ltr' id='par_1_4' title="bbox 55 1864 1191 4070">
     <span class='ocr_line' id='line_1_13' title="bbox 69 1864 1098 1950; baseline 0.011 -28"><span class='ocrx_word' id='word_1_76' title='bbox 69 1868 140 1924; x_wconf 74' lang='lat' dir='ltr'>dedi</span> <span class='ocrx_word' id='word_1_77' title='bbox 161 1870 277 1926; x_wconf 80' lang='lat' dir='ltr'>verrium</span> <span class='ocrx_word' id='word_1_78' title='bbox 304 1867 415 1927; x_wconf 72' lang='lat' dir='ltr'>leontini</span> <span class='ocrx_word' id='word_1_79' title='bbox 446 1871 555 1941; x_wconf 75' lang='lat' dir='ltr'>impru-</span> <span class='ocrx_word' id='word_1_80' title='bbox 654 1871 695 1924; x_wconf 79' lang='lat' dir='ltr'>ud</span> <span class='ocrx_word' id='word_1_81' title='bbox 718 1866 803 1950; x_wconf 80' lang='lat' dir='ltr'>earn]</span> <span class='ocrx_word' id='word_1_82' title='bbox 829 1864 885 1928; x_wconf 88' lang='lat' dir='ltr'>scil.</span> <span class='ocrx_word' id='word_1_83' title='bbox 911 1874 1098 1939; x_wconf 80' lang='lat' dir='ltr'>orationem.</span> 
     </span>
     <span class='ocr_line' id='line_1_14' title="bbox 68 1949 1097 2040; baseline 0.009 -33"><span class='ocrx_word' id='word_1_84' title='bbox 68 1956 172 2010; x_wconf 80' lang='lat' dir='ltr'>denter</span> <span class='ocrx_word' id='word_1_85' title='bbox 186 1956 300 2029; x_wconf 83' lang='lat' dir='ltr'>petenti</span> <span class='ocrx_word' id='word_1_86' title='bbox 305 1976 319 2025; x_wconf 90' lang='lat'><em>;</em></span> <span class='ocrx_word' id='word_1_87' title='bbox 340 1958 359 2014; x_wconf 84' lang='lat' dir='ltr'>i.</span> <span class='ocrx_word' id='word_1_88' title='bbox 371 1976 396 2013; x_wconf 87' lang='lat' dir='ltr'>e.</span> <span class='ocrx_word' id='word_1_89' title='bbox 413 1951 555 2026; x_wconf 79' lang='lat' dir='ltr'>couceffi,</span> <span class='ocrx_word' id='word_1_90' title='bbox 610 1951 696 2014; x_wconf 80' lang='lat' dir='ltr'>Bene</span> <span class='ocrx_word' id='word_1_91' title='bbox 712 1949 752 2012; x_wconf 80' lang='lat' dir='ltr'>fic</span> <span class='ocrx_word' id='word_1_92' title='bbox 765 1949 943 2014; x_wconf 72' lang='lat' dir='ltr'>Faernnret</span> <span class='ocrx_word' id='word_1_93' title='bbox 954 1950 1097 2040; x_wconf 77' lang='lat' dir='ltr'>Melespl·</span> 
     </span>
     <span class='ocr_line' id='line_1_15' title="bbox 67 2034 971 2121; baseline 0.001 -24"><span class='ocrx_word' id='word_1_94' title='bbox 67 2036 197 2098; x_wconf 75' lang='lat' dir='ltr'>satisfeci</span> <span class='ocrx_word' id='word_1_95' title='bbox 221 2043 253 2100; x_wconf 86' lang='lat' dir='ltr'>in</span> <span class='ocrx_word' id='word_1_96' title='bbox 275 2060 314 2102; x_wconf 85' lang='lat' dir='ltr'>eo</span> <span class='ocrx_word' id='word_1_97' title='bbox 332 2040 417 2121; x_wconf 86' lang='lat' dir='ltr'>quod</span> <span class='ocrx_word' id='word_1_98' title='bbox 439 2044 554 2119; x_wconf 88' lang='lat' dir='ltr'>impru·</span> <span class='ocrx_word' id='word_1_99' title='bbox 608 2057 659 2098; x_wconf 86' lang='lat' dir='ltr'>na.</span> <span class='ocrx_word' id='word_1_100' title='bbox 702 2034 806 2120; x_wconf 83' lang='lat' dir='ltr'>Vulgo</span> <span class='ocrx_word' id='word_1_101' title='bbox 831 2042 971 2098; x_wconf 79' lang='lat' dir='ltr'>adeum.</span> 
     </span>
     <span class='ocr_line' id='line_1_16' title="bbox 68 2121 1121 2208; baseline 0.009 -27"><span class='ocrx_word' id='word_1_102' title='bbox 68 2122 179 2183; x_wconf 84' lang='lat' dir='ltr'>denter</span> <span class='ocrx_word' id='word_1_103' title='bbox 198 2121 334 2203; x_wconf 85' lang='lat' dir='ltr'>petebat.</span> <span class='ocrx_word' id='word_1_104' title='bbox 378 2121 499 2182; x_wconf 78' lang='lat' dir='ltr'>Manui.</span> <span class='ocrx_word' id='word_1_105' title='bbox 650 2143 747 2180; x_wconf 85' lang='lat' dir='ltr'>meam</span> <span class='ocrx_word' id='word_1_106' title='bbox 770 2127 799 2182; x_wconf 83' lang='lat' dir='ltr'>r&#39;n</span> <span class='ocrx_word' id='word_1_107' title='bbox 820 2122 926 2206; x_wconf 82' lang='lat' dir='ltr'>illum]</span> <span class='ocrx_word' id='word_1_108' title='bbox 948 2121 1121 2208; x_wconf 68' lang='lat' dir='ltr'>liguriens</span> 
     </span>
     <span class='ocr_line' id='line_1_17' title="bbox 113 2204 1097 2293; baseline 0.011 -29"><span class='ocrx_word' id='word_1_109' title='bbox 113 2204 251 2267; x_wconf 83' lang='lat' dir='ltr'>Caluenti</span> <span class='ocrx_word' id='word_1_110' title='bbox 270 2204 391 2292; x_wconf 83' lang='lat' dir='ltr'>Marii]</span> <span class='ocrx_word' id='word_1_111' title='bbox 413 2210 446 2268; x_wconf 90' lang='lat' dir='ltr'>L.</span> <span class='ocrx_word' id='word_1_112' title='bbox 470 2207 554 2268; x_wconf 89' lang='lat' dir='ltr'>Piso·</span> <span class='ocrx_word' id='word_1_113' title='bbox 608 2212 783 2268; x_wconf 77' lang='lat' dir='ltr'>orat-ionem</span> <span class='ocrx_word' id='word_1_114' title='bbox 798 2211 830 2266; x_wconf 90' lang='lat' dir='ltr'>in</span> <span class='ocrx_word' id='word_1_115' title='bbox 845 2207 997 2281; x_wconf 87' lang='lat' dir='ltr'>Pisonem,</span> <span class='ocrx_word' id='word_1_116' title='bbox 1013 2229 1097 2293; x_wconf 76' lang='lat' dir='ltr'>queo</span> 
     </span>
     <span class='ocr_line' id='line_1_18' title="bbox 64 2290 1095 2377; baseline 0.006 -25"><span class='ocrx_word' id='word_1_117' title='bbox 64 2311 137 2352; x_wconf 88' lang='lat' dir='ltr'>nem</span> <span class='ocrx_word' id='word_1_118' title='bbox 163 2293 370 2354; x_wconf 83' lang='lat' dir='ltr'>Caesoninum</span> <span class='ocrx_word' id='word_1_119' title='bbox 399 2293 554 2375; x_wconf 77' lang='lat' dir='ltr'>intelligit,</span> <span class='ocrx_word' id='word_1_120' title='bbox 610 2291 720 2377; x_wconf 75' lang='lat' dir='ltr'>ersiat,</span> <span class='ocrx_word' id='word_1_121' title='bbox 752 2290 911 2370; x_wconf 87' lang='lat' dir='ltr'>superiore</span> <span class='ocrx_word' id='word_1_122' title='bbox 935 2314 1018 2357; x_wconf 84' lang='lat' dir='ltr'>anno</span> <span class='ocrx_word' id='word_1_123' title='bbox 1040 2297 1095 2358; x_wconf 92' lang='lat' dir='ltr'>ha·</span> 
     </span>
     <span class='ocr_line' id='line_1_19' title="bbox 65 2375 1096 2462; baseline 0.007 -25"><span class='ocrx_word' id='word_1_124' title='bbox 65 2381 114 2437; x_wconf 82' lang='lat' dir='ltr'>cut</span> <span class='ocrx_word' id='word_1_125' title='bbox 142 2377 257 2438; x_wconf 76' lang='lat' dir='ltr'>abavo</span> <span class='ocrx_word' id='word_1_126' title='bbox 276 2396 418 2439; x_wconf 76' lang='lat' dir='ltr'>materno</span> <span class='ocrx_word' id='word_1_127' title='bbox 435 2399 553 2462; x_wconf 81' lang='lat' dir='ltr'>cogno·</span> <span class='ocrx_word' id='word_1_128' title='bbox 609 2375 726 2454; x_wconf 75' lang='lat' dir='ltr'>bitan13</span> <span class='ocrx_word' id='word_1_129' title='bbox 757 2395 824 2437; x_wconf 85' lang='lat' dir='ltr'>non</span> <span class='ocrx_word' id='word_1_130' title='bbox 849 2393 971 2450; x_wconf 73' lang='lat' dir='ltr'>autem,</span> <span class='ocrx_word' id='word_1_131' title='bbox 1006 2383 1096 2462; x_wconf 89' lang='lat' dir='ltr'>quod</span> 
     </span>
     <span class='ocr_line' id='line_1_20' title="bbox 64 2459 1191 2533; baseline 0.007 -13"><span class='ocrx_word' id='word_1_132' title='bbox 64 2481 138 2521; x_wconf 82' lang='lat' dir='ltr'>rnen</span> <span class='ocrx_word' id='word_1_133' title='bbox 166 2459 337 2522; x_wconf 77' lang='lat' dir='ltr'>Caluentius</span> <span class='ocrx_word' id='word_1_134' title='bbox 369 2466 435 2524; x_wconf 88' lang='lat' dir='ltr'>suit.</span> <span class='ocrx_word' id='word_1_135' title='bbox 489 2465 552 2523; x_wconf 90' lang='lat' dir='ltr'>Cur</span> <span class='ocrx_word' id='word_1_136' title='bbox 607 2462 753 2522; x_wconf 87' lang='lat' dir='ltr'>Manutio</span> <span class='ocrx_word' id='word_1_137' title='bbox 778 2460 890 2533; x_wconf 79' lang='lat' dir='ltr'>visum,</span> <span class='ocrx_word' id='word_1_138' title='bbox 916 2468 1095 2529; x_wconf 87' lang='lat' dir='ltr'>orationem</span> <span class='ocrx_word' id='word_1_139' title='bbox 1186 2496 1191 2511; x_wconf 72' lang='lat'><strong><em>¹</em></strong></span> 
     </span>
     <span class='ocr_line' id='line_1_21' title="bbox 66 2542 1095 2628; baseline 0.009 -24"><span class='ocrx_word' id='word_1_140' title='bbox 66 2562 170 2606; x_wconf 81' lang='lat' dir='ltr'>eutem</span> <span class='ocrx_word' id='word_1_141' title='bbox 200 2550 310 2610; x_wconf 87' lang='lat' dir='ltr'>Cicero</span> <span class='ocrx_word' id='word_1_142' title='bbox 332 2545 470 2607; x_wconf 81' lang='lat' dir='ltr'>Marium</span> <span class='ocrx_word' id='word_1_143' title='bbox 497 2569 552 2628; x_wconf 86' lang='lat' dir='ltr'>ap·</span> <span class='ocrx_word' id='word_1_144' title='bbox 608 2545 648 2606; x_wconf 85' lang='lat' dir='ltr'>de</span> <span class='ocrx_word' id='word_1_145' title='bbox 678 2549 843 2626; x_wconf 84' lang='lat' dir='ltr'>provinciis</span> <span class='ocrx_word' id='word_1_146' title='bbox 876 2542 1095 2616; x_wconf 60' lang='lat' dir='ltr'>consularibus.</span> 
     </span>
     <span class='ocr_line' id='line_1_22' title="bbox 63 2631 1097 2716; baseline 0.006 -26"><span class='ocrx_word' id='word_1_147' title='bbox 63 2631 549 2716; x_wconf 83' lang='lat' dir='ltr'>pellaverit,nemo,qnodsciam,</span> <span class='ocrx_word' id='word_1_148' title='bbox 606 2631 688 2692; x_wconf 90' lang='lat' dir='ltr'>Huic</span> <span class='ocrx_word' id='word_1_149' title='bbox 708 2635 801 2712; x_wconf 83' lang='lat' dir='ltr'>igitur</span> <span class='ocrx_word' id='word_1_150' title='bbox 819 2637 851 2691; x_wconf 91' lang='lat' dir='ltr'>in</span> <span class='ocrx_word' id='word_1_151' title='bbox 866 2631 1006 2694; x_wconf 87' lang='lat' dir='ltr'>Pisonem</span> <span class='ocrx_word' id='word_1_152' title='bbox 1024 2656 1097 2701; x_wconf 79' lang='lat' dir='ltr'>ora·</span> 
     </span>
     <span class='ocr_line' id='line_1_23' title="bbox 63 2708 1096 2800; baseline 0.004 -24"><span class='ocrx_word' id='word_1_153' title='bbox 63 2716 234 2797; x_wconf 79' lang='lat' dir='ltr'>explicavit.</span> <span class='ocrx_word' id='word_1_154' title='bbox 294 2720 406 2800; x_wconf 84' lang='lat' dir='ltr'>ltaque</span> <span class='ocrx_word' id='word_1_155' title='bbox 440 2715 550 2778; x_wconf 79' lang='lat' dir='ltr'>frustra</span> <span class='ocrx_word' id='word_1_156' title='bbox 605 2720 693 2777; x_wconf 86' lang='lat' dir='ltr'>tione</span> <span class='ocrx_word' id='word_1_157' title='bbox 723 2708 790 2774; x_wconf 91' lang='lat' dir='ltr'>Piso</span> <span class='ocrx_word' id='word_1_158' title='bbox 821 2715 913 2776; x_wconf 79' lang='lat' dir='ltr'>aliam</span> <span class='ocrx_word' id='word_1_159' title='bbox 939 2719 1096 2800; x_wconf 86' lang='lat' dir='ltr'>opposue-</span> 
     </span>
     <span class='ocr_line' id='line_1_24' title="bbox 62 2799 1095 2885; baseline 0.009 -26"><span class='ocrx_word' id='word_1_160' title='bbox 62 2801 230 2864; x_wconf 81' lang='lat' dir='ltr'>Lambinnr</span> <span class='ocrx_word' id='word_1_161' title='bbox 253 2799 488 2863; x_wconf 77' lang='lat' dir='ltr'>CalveuiMutii</span> <span class='ocrx_word' id='word_1_162' title='bbox 506 2803 551 2862; x_wconf 85' lang='lat' dir='ltr'>le·</span> <span class='ocrx_word' id='word_1_163' title='bbox 606 2816 671 2874; x_wconf 81' lang='lat' dir='ltr'>ret,</span> <span class='ocrx_word' id='word_1_164' title='bbox 704 2799 847 2880; x_wconf 85' lang='lat' dir='ltr'>scriptam</span> <span class='ocrx_word' id='word_1_165' title='bbox 885 2816 1022 2879; x_wconf 79' lang='lat' dir='ltr'>tantum,</span> <span class='ocrx_word' id='word_1_166' title='bbox 1054 2823 1095 2885; x_wconf 23' lang='grc'><strong>,111</strong></span> 
     </span>
     <span class='ocr_line' id='line_1_25' title="bbox 62 2883 1094 2970; baseline 0.007 -24"><span class='ocrx_word' id='word_1_167' title='bbox 62 2889 200 2970; x_wconf 83' lang='lat' dir='ltr'>gendum</span> <span class='ocrx_word' id='word_1_168' title='bbox 245 2887 306 2948; x_wconf 87' lang='lat' dir='ltr'>elle</span> <span class='ocrx_word' id='word_1_169' title='bbox 345 2887 550 2968; x_wconf 83' lang='lat' dir='ltr'>opinabatur,</span> <span class='ocrx_word' id='word_1_170' title='bbox 591 2889 740 2966; x_wconf 80' lang='lat' dir='ltr'>opinor,</span> <span class='ocrx_word' id='word_1_171' title='bbox 768 2906 835 2946; x_wconf 86' lang='lat' dir='ltr'>non</span> <span class='ocrx_word' id='word_1_172' title='bbox 854 2883 1000 2950; x_wconf 88' lang='lat' dir='ltr'>habitam.</span> <span class='ocrx_word' id='word_1_173' title='bbox 1044 2891 1094 2954; x_wconf 80' lang='lat' dir='ltr'>ad</span> 
     </span>
     <span class='ocr_line' id='line_1_26' title="bbox 63 2969 1094 3052; baseline 0.01 -22"><span class='ocrx_word' id='word_1_174' title='bbox 63 2977 138 3052; x_wconf 81' lang='lat' dir='ltr'>quie</span> <span class='ocrx_word' id='word_1_175' title='bbox 159 2976 271 3033; x_wconf 89' lang='lat' dir='ltr'>Cicero</span> <span class='ocrx_word' id='word_1_176' title='bbox 293 2978 325 3034; x_wconf 88' lang='lat' dir='ltr'>in</span> <span class='ocrx_word' id='word_1_177' title='bbox 346 2977 437 3033; x_wconf 84' lang='lat' dir='ltr'>Marii</span> <span class='ocrx_word' id='word_1_178' title='bbox 463 2973 552 3032; x_wconf 86' lang='lat' dir='ltr'>calvi·</span> <span class='ocrx_word' id='word_1_179' title='bbox 608 2991 742 3051; x_wconf 84' lang='lat' dir='ltr'>eamque</span> <span class='ocrx_word' id='word_1_180' title='bbox 775 2969 894 3050; x_wconf 85' lang='lat' dir='ltr'>aliquid</span> <span class='ocrx_word' id='word_1_181' title='bbox 926 2972 1094 3040; x_wconf 79' lang='lat' dir='ltr'>rescribere</span> 
     </span>
     <span class='ocr_line' id='line_1_27' title="bbox 55 3055 1144 3140; baseline 0.003 -28"><span class='ocrx_word' id='word_1_182' title='bbox 55 3061 139 3116; x_wconf 86' lang='lat' dir='ltr'>tiem</span> <span class='ocrx_word' id='word_1_183' title='bbox 165 3058 332 3140; x_wconf 82' lang='lat' dir='ltr'>aliquoties</span> <span class='ocrx_word' id='word_1_184' title='bbox 361 3063 392 3119; x_wconf 89' lang='lat' dir='ltr'>in</span> <span class='ocrx_word' id='word_1_185' title='bbox 417 3057 552 3138; x_wconf 78' lang='lat' dir='ltr'>epistolia</span> <span class='ocrx_word' id='word_1_186' title='bbox 607 3057 719 3116; x_wconf 88' lang='lat' dir='ltr'>Cicero</span> <span class='ocrx_word' id='word_1_187' title='bbox 745 3055 884 3118; x_wconf 85' lang='lat' dir='ltr'>nolebat.</span> <span class='ocrx_word' id='word_1_188' title='bbox 1083 3068 1088 3083; x_wconf 90' lang='grc'>·</span> <span class='ocrx_word' id='word_1_189' title='bbox 1140 3062 1144 3069; x_wconf 89' lang='grc'><strong>’</strong></span> 
     </span>
     <span class='ocr_line' id='line_1_28' title="bbox 60 3139 1094 3223; baseline 0.008 -23"><span class='ocrx_word' id='word_1_190' title='bbox 60 3141 105 3200; x_wconf 85' lang='lat' dir='ltr'>ad</span> <span class='ocrx_word' id='word_1_191' title='bbox 118 3145 251 3204; x_wconf 82' lang='lat' dir='ltr'>Atticum</span> <span class='ocrx_word' id='word_1_192' title='bbox 270 3148 389 3203; x_wconf 79' lang='lat' dir='ltr'>iocatur</span> <span class='ocrx_word' id='word_1_193' title='bbox 404 3141 446 3205; x_wconf 86' lang='lat' dir='ltr'>su.</span> <span class='ocrx_word' id='word_1_194' title='bbox 470 3141 551 3202; x_wconf 83' lang='lat' dir='ltr'>Mihi</span> <span class='ocrx_word' id='word_1_195' title='bbox 646 3141 736 3198; x_wconf 83' lang='lat' dir='ltr'>libros</span> <span class='ocrx_word' id='word_1_196' title='bbox 752 3139 848 3223; x_wconf 83' lang='lat' dir='ltr'>meos]</span> <span class='ocrx_word' id='word_1_197' title='bbox 863 3142 945 3203; x_wconf 86' lang='lat' dir='ltr'>dere</span> <span class='ocrx_word' id='word_1_198' title='bbox 958 3143 1094 3222; x_wconf 83' lang='lat' dir='ltr'>publica.</span> 
     </span>
     <span class='ocr_line' id='line_1_29' title="bbox 63 3218 1093 3316; baseline 0.005 -32"><span class='ocrx_word' id='word_1_199' title='bbox 63 3244 180 3287; x_wconf 88' lang='lat' dir='ltr'>certum</span> <span class='ocrx_word' id='word_1_200' title='bbox 215 3226 258 3287; x_wconf 83' lang='lat' dir='ltr'>eli</span> <span class='ocrx_word' id='word_1_201' title='bbox 294 3230 478 3288; x_wconf 87' lang='lat' dir='ltr'>Ciceronem</span> <span class='ocrx_word' id='word_1_202' title='bbox 519 3232 551 3287; x_wconf 90' lang='lat' dir='ltr'>in</span> <span class='ocrx_word' id='word_1_203' title='bbox 646 3218 821 3300; x_wconf 74' lang='lat' dir='ltr'>prosecrare</span> <span class='ocrx_word' id='word_1_204' title='bbox 839 3233 868 3283; x_wconf 85' lang='lat' dir='ltr'>et</span> <span class='ocrx_word' id='word_1_205' title='bbox 882 3246 938 3301; x_wconf 86' lang='lat' dir='ltr'>pro</span> <span class='ocrx_word' id='word_1_206' title='bbox 955 3224 1093 3316; x_wconf 78' lang='lat' dir='ltr'>Plancio]</span> 
     </span>
     <span class='ocr_line' id='line_1_30' title="bbox 62 3309 1095 3395; baseline 0.009 -27"><span class='ocrx_word' id='word_1_207' title='bbox 62 3309 162 3371; x_wconf 82' lang='lat' dir='ltr'>Marii</span> <span class='ocrx_word' id='word_1_208' title='bbox 179 3319 369 3395; x_wconf 82' lang='lat' dir='ltr'>cognomine</span> <span class='ocrx_word' id='word_1_209' title='bbox 392 3309 552 3392; x_wconf 77' lang='lat' dir='ltr'>respexisse</span> <span class='ocrx_word' id='word_1_210' title='bbox 603 3309 656 3370; x_wconf 82' lang='lat' dir='ltr'>illa</span> <span class='ocrx_word' id='word_1_211' title='bbox 676 3311 716 3370; x_wconf 90' lang='lat' dir='ltr'>de</span> <span class='ocrx_word' id='word_1_212' title='bbox 735 3312 934 3391; x_wconf 79' lang='lat' dir='ltr'>repetundis,</span> <span class='ocrx_word' id='word_1_213' title='bbox 959 3312 1036 3376; x_wconf 88' lang='lat' dir='ltr'>haec</span> <span class='ocrx_word' id='word_1_214' title='bbox 1053 3316 1095 3377; x_wconf 85' lang='lat' dir='ltr'>de</span> 
     </span>
     <span class='ocr_line' id='line_1_31' title="bbox 61 3395 1092 3477; baseline 0.006 -21"><span class='ocrx_word' id='word_1_215' title='bbox 61 3397 166 3456; x_wconf 89' lang='lat' dir='ltr'>locum</span> <span class='ocrx_word' id='word_1_216' title='bbox 183 3412 262 3458; x_wconf 88' lang='lat' dir='ltr'>orat.</span> <span class='ocrx_word' id='word_1_217' title='bbox 282 3402 312 3456; x_wconf 90' lang='lat' dir='ltr'>in</span> <span class='ocrx_word' id='word_1_218' title='bbox 332 3397 471 3458; x_wconf 85' lang='lat' dir='ltr'>Pisonem</span> <span class='ocrx_word' id='word_1_219' title='bbox 487 3418 551 3477; x_wconf 76' lang='lat' dir='ltr'>cp.</span> <span class='ocrx_word' id='word_1_220' title='bbox 607 3395 735 3456; x_wconf 88' lang='lat' dir='ltr'>ambitu.</span> <span class='ocrx_word' id='word_1_221' title='bbox 794 3396 936 3476; x_wconf 81' lang='lat' dir='ltr'>Utraque</span> <span class='ocrx_word' id='word_1_222' title='bbox 981 3398 1092 3475; x_wconf 84' lang='lat' dir='ltr'>exstat,</span> 
     </span>
     <span class='ocr_line' id='line_1_32' title="bbox 61 3478 1095 3562; baseline 0.007 -22"><span class='ocrx_word' id='word_1_223' title='bbox 61 3481 200 3541; x_wconf 88' lang='lat' dir='ltr'>ubieuru</span> <span class='ocrx_word' id='word_1_224' title='bbox 218 3504 287 3541; x_wconf 89' lang='lat' dir='ltr'>cum</span> <span class='ocrx_word' id='word_1_225' title='bbox 302 3485 406 3542; x_wconf 88' lang='lat' dir='ltr'>Mario</span> <span class='ocrx_word' id='word_1_226' title='bbox 424 3503 550 3560; x_wconf 87' lang='lat' dir='ltr'>compa·</span> <span class='ocrx_word' id='word_1_227' title='bbox 605 3478 660 3540; x_wconf 87' lang='lat' dir='ltr'>sed</span> <span class='ocrx_word' id='word_1_228' title='bbox 693 3500 754 3562; x_wconf 88' lang='lat' dir='ltr'>pro</span> <span class='ocrx_word' id='word_1_229' title='bbox 786 3481 905 3541; x_wconf 84' lang='lat' dir='ltr'>Scauro</span> <span class='ocrx_word' id='word_1_230' title='bbox 943 3484 1095 3548; x_wconf 79' lang='lat' dir='ltr'>mutilate.</span> 
     </span>
     <span class='ocr_line' id='line_1_33' title="bbox 61 3561 727 3645; baseline 0.005 -21"><span class='ocrx_word' id='word_1_231' title='bbox 61 3570 111 3625; x_wconf 80' lang='lat' dir='ltr'>rat</span> <span class='ocrx_word' id='word_1_232' title='bbox 141 3566 185 3627; x_wconf 81' lang='lat' dir='ltr'>his</span> <span class='ocrx_word' id='word_1_233' title='bbox 215 3567 331 3627; x_wconf 74' lang='lat' dir='ltr'>verbis:</span> <span class='ocrx_word' id='word_1_234' title='bbox 369 3569 457 3645; x_wconf 76' lang='lat' dir='ltr'>(lurni</span> <span class='ocrx_word' id='word_1_235' title='bbox 480 3568 553 3624; x_wconf 80' lang='lat' dir='ltr'>mili</span> <span class='ocrx_word' id='word_1_236' title='bbox 600 3561 727 3626; x_wconf 66' lang='lat' dir='ltr'>Meam.</span> 
     </span>
     <span class='ocr_line' id='line_1_34' title="bbox 63 3648 1095 3733; baseline 0.005 -26"><span class='ocrx_word' id='word_1_237' title='bbox 63 3654 158 3726; x_wconf 82' lang='lat' dir='ltr'>igitur</span> <span class='ocrx_word' id='word_1_238' title='bbox 182 3663 330 3709; x_wconf 80' lang='lat' dir='ltr'>certamen</span> <span class='ocrx_word' id='word_1_239' title='bbox 357 3653 426 3725; x_wconf 65' lang='lat' dir='ltr'>esset</span> <span class='ocrx_word' id='word_1_240' title='bbox 454 3655 549 3709; x_wconf 74' lang='lat' dir='ltr'>iuim-</span> <span class='ocrx_word' id='word_1_241' title='bbox 600 3688 604 3695; x_wconf 90' lang='lat'>·</span> <span class='ocrx_word' id='word_1_242' title='bbox 648 3653 720 3722; x_wconf 80' lang='lat' dir='ltr'>uri,</span> <span class='ocrx_word' id='word_1_243' title='bbox 744 3655 826 3732; x_wconf 79' lang='lat' dir='ltr'>quod</span> <span class='ocrx_word' id='word_1_244' title='bbox 849 3648 961 3733; x_wconf 78' lang='lat' dir='ltr'>rogas]</span> <span class='ocrx_word' id='word_1_245' title='bbox 994 3656 1095 3731; x_wconf 78' lang='lat' dir='ltr'>petie-</span> 
     </span>
     <span class='ocr_line' id='line_1_35' title="bbox 62 3733 1095 3817; baseline 0.01 -27"><span class='ocrx_word' id='word_1_246' title='bbox 62 3734 167 3792; x_wconf 83' lang='lat' dir='ltr'>modt&#39;?</span> <span class='ocrx_word' id='word_1_247' title='bbox 199 3758 263 3793; x_wconf 85' lang='lat' dir='ltr'>cum</span> <span class='ocrx_word' id='word_1_248' title='bbox 288 3733 322 3793; x_wconf 90' lang='lat' dir='ltr'>C.</span> <span class='ocrx_word' id='word_1_249' title='bbox 345 3733 450 3799; x_wconf 82' lang='lat' dir='ltr'>Murio</span> <span class='ocrx_word' id='word_1_250' title='bbox 468 3740 550 3813; x_wconf 76' lang='lat' dir='ltr'>scili·</span> <span class='ocrx_word' id='word_1_251' title='bbox 599 3738 814 3817; x_wconf 68' lang='lat' dir='ltr'>,ratQuintu5‚</span> <span class='ocrx_word' id='word_1_252' title='bbox 836 3743 968 3817; x_wconf 84' lang='lat' dir='ltr'>opinor,</span> <span class='ocrx_word' id='word_1_253' title='bbox 992 3735 1095 3800; x_wconf 77' lang='lat' dir='ltr'>tttfibi</span> 
     </span>
     <span class='ocr_line' id='line_1_36' title="bbox 62 3819 1094 3901; baseline 0.007 -25"><span class='ocrx_word' id='word_1_254' title='bbox 62 3831 108 3876; x_wconf 82' lang='lat' dir='ltr'>cet</span> <span class='ocrx_word' id='word_1_255' title='bbox 127 3831 179 3877; x_wconf 82' lang='lat' dir='ltr'>aut</span> <span class='ocrx_word' id='word_1_256' title='bbox 198 3842 263 3876; x_wconf 88' lang='lat' dir='ltr'>cum</span> <span class='ocrx_word' id='word_1_257' title='bbox 287 3825 389 3901; x_wconf 79' lang='lat' dir='ltr'>aliquo</span> <span class='ocrx_word' id='word_1_258' title='bbox 416 3827 484 3893; x_wconf 79' lang='lat' dir='ltr'>pari</span> <span class='ocrx_word' id='word_1_259' title='bbox 512 3844 550 3880; x_wconf 86' lang='lat' dir='ltr'>an</span> <span class='ocrx_word' id='word_1_260' title='bbox 605 3821 702 3880; x_wconf 80' lang='lat' dir='ltr'>irater</span> <span class='ocrx_word' id='word_1_261' title='bbox 735 3824 767 3881; x_wconf 81' lang='lat' dir='ltr'>ln</span> <span class='ocrx_word' id='word_1_262' title='bbox 804 3822 929 3882; x_wconf 76' lang='lat' dir='ltr'>laudem</span> <span class='ocrx_word' id='word_1_263' title='bbox 958 3819 1094 3883; x_wconf 69' lang='lat' dir='ltr'>Caesari!</span> 
     </span>
     <span class='ocr_line' id='line_1_37' title="bbox 61 3902 1094 3989; baseline 0.008 -28"><span class='ocrx_word' id='word_1_264' title='bbox 61 3927 127 3962; x_wconf 85' lang='lat' dir='ltr'>cum</span> <span class='ocrx_word' id='word_1_265' title='bbox 143 3910 237 3963; x_wconf 83' lang='lat' dir='ltr'>altero</span> <span class='ocrx_word' id='word_1_266' title='bbox 252 3909 376 3964; x_wconf 77' lang='lat' dir='ltr'>barbaro</span> <span class='ocrx_word' id='word_1_267' title='bbox 393 3902 549 3981; x_wconf 73' lang='lat' dir='ltr'>Epicureo,</span> <span class='ocrx_word' id='word_1_268' title='bbox 606 3911 724 3987; x_wconf 59' lang='lat' dir='ltr'>poema</span> <span class='ocrx_word' id='word_1_269' title='bbox 740 3904 903 3979; x_wconf 83' lang='lat' dir='ltr'>scriberet,</span> <span class='ocrx_word' id='word_1_270' title='bbox 928 3906 1018 3987; x_wconf 81' lang='lat' dir='ltr'>quod</span> <span class='ocrx_word' id='word_1_271' title='bbox 1031 3927 1094 3989; x_wconf 83' lang='lat' dir='ltr'>pro</span> 
     </span>
     <span class='ocr_line' id='line_1_38' title="bbox 62 3988 969 4070; baseline 0.006 -22"><span class='ocrx_word' id='word_1_272' title='bbox 62 3989 215 4069; x_wconf 85' lang='lat' dir='ltr'>(Pisone)</span> <span class='ocrx_word' id='word_1_273' title='bbox 239 4011 304 4046; x_wconf 85' lang='lat' dir='ltr'>cum</span> <span class='ocrx_word' id='word_1_274' title='bbox 328 3995 424 4049; x_wconf 78' lang='lat' dir='ltr'>altero</span> <span class='ocrx_word' id='word_1_275' title='bbox 444 3988 550 4051; x_wconf 80' lang='lat' dir='ltr'>Catili·</span> <span class='ocrx_word' id='word_1_276' title='bbox 605 3990 662 4053; x_wconf 88' lang='lat' dir='ltr'>suo</span> <span class='ocrx_word' id='word_1_277' title='bbox 685 3988 787 4070; x_wconf 84' lang='lat' dir='ltr'>posset</span> <span class='ocrx_word' id='word_1_278' title='bbox 802 3993 969 4053; x_wconf 85' lang='lat' dir='ltr'>venditare.</span> 
     </span>
    </p>
   </div>
   <div class='ocr_carea' id='block_1_5' title="bbox 61 4074 1097 4163">
    <p class='ocr_par' dir='ltr' id='par_1_5' title="bbox 61 4074 1097 4163">
     <span class='ocr_line' id='line_1_39' title="bbox 61 4074 1097 4163; baseline 0.021 -31"><span class='ocrx_word' id='word_1_279' title='bbox 61 4097 116 4137; x_wconf 83' lang='lat' dir='ltr'>uae</span> <span class='ocrx_word' id='word_1_280' title='bbox 136 4077 300 4136; x_wconf 81' lang='lat' dir='ltr'>laternario</span> <span class='ocrx_word' id='word_1_281' title='bbox 314 4075 505 4159; x_wconf 64' lang='lat' dir='ltr'>(Gabinio).</span> <span class='ocrx_word' id='word_1_282' title='bbox 647 4077 789 4161; x_wconf 77' lang='lat' dir='ltr'>quoniam</span> <span class='ocrx_word' id='word_1_283' title='bbox 805 4077 859 4154; x_wconf 79' lang='lat' dir='ltr'>ipsi</span> <span class='ocrx_word' id='word_1_284' title='bbox 866 4074 995 4161; x_wconf 57' lang='lat' dir='ltr'>smmi]</span> <span class='ocrx_word' id='word_1_285' title='bbox 1016 4098 1097 4163; x_wconf 65' lang='lat'>‘1¹¹9&#39;</span> 
     </span>
    </p>
   </div>
   <div class='ocr_carea' id='block_1_6' title="bbox 0 0 1258 4808">
    <p class='ocr_par' dir='ltr' id='par_1_6' title="bbox 0 0 1258 4808">
     <span class='ocr_line' id='line_1_40' title="bbox 0 0 1258 4808; baseline 0 1"><span class='ocrx_word' id='word_1_286' title='bbox 0 0 1258 4808; x_wconf 95' lang='lat' dir='ltr'> </span> 
     </span>
    </p>
   </div>
  </div>
 </body>
</html>
