2506 4808
371 314 658 407 amsroua
711 315 873 384 ccxv.
1031 293 1040 301 ’
1077 334 1138 397 551

106 513 166 572 nti.
209 503 355 569 Lentulo
370 503 487 568 nostro
504 509 556 592 egi
572 525 634 592 per
652 503 769 570 literas
788 517 848 568 tuo
869 511 1006 570 nomine
1022 511 1142 590 gratias

107 608 299 695 diligenter.
343 605 414 671 Sed
446 619 486 670 tu
508 605 609 670 velim
639 603 768 671 desinas
796 611 862 670 iam
885 613 1009 671 nostris
1033 606 1143 671 literis

107 714 175 782 uti,
210 724 245 772 et
267 729 330 773 nos
354 706 534 790 aliquando
558 706 699 772 revisas:
728 720 761 771 et
783 711 830 773 ibi
851 708 948 773 malis
975 707 1056 782 elle,
1085 711 1144 774 ubi

108 809 219 891 aliquo
235 832 379 874 numero
396 809 448 900 fis,
471 829 569 890 quam
585 808 669 882 istic,
689 813 746 874 ubi
765 809 853 876 solus
869 809 982 898 sapere
996 811 1142 876 videare.

109 911 322 998 Quamquam
350 916 407 993 qui
437 909 531 974 istinc
555 915 712 985 veniunt,
756 920 877 1000 partim
901 926 937 1001 te
961 910 1143 1000 superbum

110 1011 176 1076 elle
197 1013 334 1087 dicunt,
354 1013 446 1095 quod
469 1010 553 1076 nihil
577 1011 798 1100 respondeas:
819 1019 944 1102 partim
971 1026 1144 1078 contume-

107 1111 244 1187 liosum,
269 1116 358 1198 quod
381 1111 478 1177 male.
524 1110 594 1178 Sed
616 1120 682 1178 iam
704 1120 803 1202 cupio
825 1129 939 1180 tecum
959 1136 1074 1178 coram
1097 1121 1144 1180 io-

109 1222 188 1279 cari.
235 1216 348 1306 Quare
373 1218 444 1289 iac,
465 1226 503 1277 ut
526 1222 792 1303 quamprimum
814 1224 947 1289 venias,
978 1239 1086 1298 neque
1108 1222 1144 1281 in

110 1312 270 1403 Apuliam
296 1333 390 1384 tuam
416 1315 574 1390 accedas,
618 1331 656 1381 ut
679 1315 840 1407 possumus
872 1316 1006 1383 salvum·
1021 1316 1144 1384 venisse

110 1419 269 1508 gaudere.
314 1419 401 1486 Nam
423 1417 482 1483 illo
504 1414 523 1478 fi
542 1424 696 1492 veneriS,
721 1433 892 1504 tamquam
909 1418 1060 1511 Ulylles‚
1090 1443 1145 1486 co·

110 1522 250 1611 gnosces
271 1535 406 1589 tuorum
422 1517 605 1584 neminem.
647 1521 742 1585 Vale.

157 1727 441 1836 epistota
486 1726 661 1796 cuxvr.
708 1721 785 1820 (aa
810 1722 919 1799 niv.
954 1732 1008 1799 11.
1041 1734 1094 1816 t.)

255 1893 319 1952 Scr.
341 1892 463 1952 Romae
480 1890 532 1951 sub
551 1893 730 1973 interregno
750 1891 787 1952 Α.
804 1890 841 1952 U.
860 1893 895 1954 C.
920 1915 996 1972 700.

112 2043 268 2120 Accusatus
298 2067 316 2100 a
343 2041 472 2103 Curione
498 2046 700 2121 negligentiae
726 2045 882 2116 literarum
911 2048 946 2122 se
977 2049 1097 2125 excusat
1118 2071 1144 2112 ι.

156 2167 281 2226 eumque
301 2148 415 2203 tamdiu
435 2148 579 2223 absentem
593 2144 686 2220 fuisse
708 2149 806 2218 dotet,
827 2150 1019 2227 hortaturque
1041 2162 1074 2208 ut
1091 2174 1145 2212 ex-

148 2250 363 2324 spectationem
372 2250 432 2324 sui,
453 2271 544 2331 quum
559 2250 750 2320 excitaverit,
762 2251 914 2324 sustineat,
927 2274 962 2309 ac
976 2265 1103 2314 tuentur.
1115 2277 1143 2316 a.
1211 2252 1213 2260 ’

160 2397 162 2400 ’
208 2413 556 2498 nuncianae
587 2430 625 2496 s.
653 2430 700 2496 D.
733 2430 773 2496 c.
806 2406 1051 2535 eumont.

217 2584 430 2675 Quamquam
463 2607 517 2648 me
546 2589 684 2649 nomine
708 2583 932 2672 negligentiae
959 2586 1145 2674 suspectum

113 2690 176 2752 tibi
200 2687 263 2752 ell'e
289 2687 407 2760 dolen,
445 2700 561 2750 tamen
582 2710 651 2751 non
675 2700 745 2749 tam
769 2685 850 2749 milri
877 2689 1051 2754 molestum
1081 2695 1147 2759 fuit

115 2787 259 2853 accusari
275 2792 334 2870 abs
350 2801 384 2852 te
397 2785 546 2853 officium
565 2811 696 2861 meum,
718 2807 816 2871 qaam
837 2793 1022 2856 iucundum
1037 2802 1146 2878 requi-

116 2899 162 2973 ri;
196 2891 392 2978 praesertim
416 2913 538 2974 quum,
566 2897 598 2954 in
624 2914 691 2974 quo
714 2889 908 2966 accusabar,
936 2894 1033 2981 culpa
1055 2919 1148 2961 vaca·

113 3016 204 3057 rem:
228 3000 344 3077 inquo
361 3009 472 3058 autem
489 2991 674 3056 dcl'nlerate
697 3006 731 3056 te
747 2991 950 3079 significabas
969 3021 1058 3062 meas
1074 3000 1148 3064 lite·

114 3117 188 3169 ras,
211 3118 292 3182 prae
319 3108 352 3156 te
374 3096 483 3159 ferres
508 3095 720 3182 perspectum
744 3093 826 3158 milti
849 3097 1001 3177 quidem,
1025 3099 1076 3162 sed
1100 3114 1147 3165 ta-

115 3219 195 3260 men
220 3196 372 3270 dulcem,
409 3209 442 3277 et
467 3209 619 3282 optatum
647 3217 797 3258 amorem
818 3210 925 3260 tuum.
981 3201 1147 3285 Equidem

115 3303 286 3378 neminem
310 3297 533 3384 praetermisi,
558 3321 657 3380 quem
686 3299 819 3380 quidem
841 3301 881 3362 ad
908 3317 941 3364 te
968 3319 1149 3390 perventu-

115 3423 193 3466 rum
214 3413 389 3490 putarem,
413 3405 467 3464 cui
490 3398 606 3464 literas
630 3421 700 3463 non
716 3399 878 3466 dederim.
922 3405 1056 3471 Etenim
1074 3412 1148 3490 quis

496 3623 766 3639 Ἥ

165 3753 288 3822 Lentulo
319 3763 439 3847 nostro]
477 3765 604 3824 Ciliciae
704 3775 786 3849 quod
807 3772 908 3855 anule]
932 3771 1039 3855 Vulgo
1061 3792 1153 3854 repe·

120 3850 223 3910 adhuc
261 3851 448 3930 proconsuli.
513 3851 604 3908 Vale·
662 3858 737 3913 titur
770 3855 819 3916 ltic
851 3861 1026 3932 respondens
1063 3861 1153 3941 quod

119 3943 180 3995 tius
212 3939 291 3994 enim
324 3940 415 3992 etiam
455 3933 506 3994 sub
541 3940 605 3994 eius
662 3959 835 4018 praeeunte
861 3946 1154 4030 Mattyni·Luguna

119 4017 288 4082 [uccellore
308 4022 415 4099 Appio
438 4025 470 4081 in
501 4021 606 4080 Cilicia
664 4026 775 4088 delevi.

121 4122 197 4167 erdl-
