2506 4808
133 311 197 378 ¹8⁰
409 291 695 364 EPISTOLA
744 294 879 364 xxxt

132 496 238 569 quum'
258 494 292 549 et
314 481 463 574 Quintiis
487 481 602 546 noster
621 487 706 556 iam,
737 496 776 547 ut
797 482 1002 572 speramus„
1024 491 1050 551 i1

116 586 339 660 consederit,
378 596 428 656 et,
461 581 522 647 ilte
545 582 701 647 sacerdos
725 581 839 650 Bonae
862 585 948 659 deae
970 592 1050 652 cuin

132 688 167 751 di
186 684 321 752 lnttirus'
344 682 401 758 fit,
429 682 584 763 sciemus.
634 685 768 748 Interea
790 687 929 770 quidem
950 709 1033 751 cum

132 808 198 854 nos
227 785 475 852 delectabimus
500 791 613 849 animo
643 805 770 869 aequo,
806 794 912 852 immo
943 808 1027 854 vero

133 890 312 980 gaudenti,
342 908 379 951 ac
396 885 527 951 libenti.
570 886 690 968 Neque
712 885 796 952 mibi
815 910 976 972 umquam
992 911 1050 955 ven

132 1005 284 1057 mentem
302 986 421 1055 Crasso
435 987 605 1062 invidere,
628 1009 737 1071 neque
752 997 947 1076 poenitere,
968 1013 1050 1077 quot

132 1093 200 1182 ipse
216 1114 287 1156 non
309 1089 518 1153 desciverim.

104 1212 128 1282 4
216 1193 271 1255 De
290 1189 509 1279 geographia,
532 1190 619 1256 dubo
636 1213 796 1278 operam,
817 1203 856 1258 ut
869 1195 932 1257 tibi
946 1191 1050 1260 satist.

135 1295 192 1360 sed
208 1292 292 1358 nibil
313 1299 397 1356 certi
417 1292 593 1379 polliceor.
641 1294 807 1380 Magnum
829 1315 914 1379 opus
938 1295 1001 1380 eit3
1024 1296 1050 1389 'l

136 1417 233 1467 men,
261 1396 429 1468 utiubes,
452 1398 596 1474 curabo,
625 1406 665 1458 ut
681 1392 780 1458 buius
802 1402 1050 1483 peregrination

136 1496 227 1581 quod
242 1498 302 1559 tibi
318 1516 403 1581 opus
421 1496 541 1562 exstet.
804 1492 812 1511 '

107 1603 128 1666 5
219 1593 279 1661 Tu
298 1596 460 1680 quidquid
474 1597 647 1686 indagaris
668 1595 710 1661 de
725 1595 931 1684 republica,
960 1608 994 1662 et
1017 1621 1050 1663 m

138 1718 224 1785 quos
240 1697 393 1764 consules
412 1697 545 1764 luntres
564 1712 683 1788 putes,
704 1699 827 1772 facito,
846 1712 886 1764 ut
900 1699 1016 1764 iciam:
1035 1711 1050 1765 t

516 1874 798 1908 m.

181 2021 309 2104 Quintus
325 2019 440 2105 noster]
482 2021 546 2104 Qui
558 2017 625 2082 Afi-
678 2018 733 2081 bet
761 2041 786 2080 c.
805 2019 931 2092 futttrus
954 2024 1017 2099 fit,
1043 2087 1050 2100 Ι

139 2124 188 2164 em
209 2105 348 2187 regebat.
679 2101 749 2168 Mil.
760 2107 887 2186 quidem
895 2108 1047 2183 feinsst'tu

182 2191 216 2247 in
233 2192 294 2246 otio
317 2188 499 2274 consederit]
540 2194 624 2254 Tum
680 2205 763 2250 ctum
785 2193 846 2249 eius
859 2193 912 2267 sit.
932 2193 968 2252 In
977 2192 1050 2252 Ml'.¹

140 2275 312 2353 expeditus,
332 2290 367 2334 ut
386 2273 553 2355 speremus,
570 2278 625 2337 ed·
682 2290 762 2334 eret:
784 2286 813 2332 et
828 2279 879 2353 iste
890 2279 1050 2352 sacerdoti

139 2356 360 2419 ministratione
375 2365 562 2440 provinciae,
570 2367 627 2421 im·
681 2363 798 2418 tecuitis
807 2362 1020 2437 nudtfuterus
1029 2365 1050 2439 fi

139 2448 231 2520 perio
253 2448 334 2503 tertii
353 2449 426 2504 enni
450 2450 624 2508 terminato.
681 2444 726 2504 Ex
740 2465 804 2525 quo
821 2445 995 2507 Tunstellus
1011 2469 1042 2528 p.

141 2523 263 2587 Maeui.
319 2529 500 2590 Wielendue
529 2531 561 2590 id
584 2532 625 2592 de
680 2533 732 2589 cit.
753 2547 785 2590 et
800 2533 821 2589 i.
832 2532 953 2607 fibene,
970 2535 1010 2590 de
1024 2543 1050 2590 te

139 2612 265 2674 secundi
294 2618 365 2673 enni
396 2614 457 2674 fine
487 2620 623 2698 accepit,
681 2615 764 2672 enodi
799 2613 939 2690 ficturus,
973 2620 1050 2676 eiect

140 2699 280 2780 ideoque
296 2696 443 2760 existimet
457 2697 537 2761 hene
556 2703 625 2781 epi·
680 2699 773 2759 Edidi
794 2700 961 2763 lectionem
988 2704 1050 2764 Rot

141 2782 250 2844 stolum
277 2799 349 2844 ente
369 2784 560 2864 superiorem
583 2787 624 2847 ed
680 2789 929 2844 accommodatius
968 2792 1048 2847 enim

142 2871 183 2948 Q.
205 2870 254 2931 Fr.
276 2867 417 2947 scriptam
440 2867 510 2930 elle.
560 2871 624 2931 Sed
680 2869 1050 2954 erit(vnlgoest)—quim

141 2956 287 3014 Manutio
304 2951 459 3016 ellentior.
681 2989 721 3001 -
732 2957 768 3013 de
780 2967 809 3014 te
817 2954 1037 3032 ficturusfitsc.

187 3035 329 3096 Sacerdos
348 3035 447 3096 Bonae
461 3037 555 3122 deae]
589 3040 624 3100 P.
673 3040 800 3115 sciemus
833 3061 851 3100 e
885 3047 1050 3102 coniector.

142 3122 288 3183 Clodius:
322 3126 376 3202 qui
404 3123 547 3184 muliebri
574 3143 637 3183 vet
681 3122 758 3197 stru,
796 3122 905 3187 omillo
927 3130 1027 3185 dete.

140 3205 627 3270 stituedsecreBoueedeeeac·
673 3211 727 3285 sti.
1001 3216 1004 3222 '

139 3290 275 3354 tollerat.
286 3287 417 3349 'Mamm
724 3296 807 3374 qnod
819 3315 838 3351 a
858 3315 906 3352 me
922 3296 982 3370 ipso
1004 3317 1050 3355 noi

183 3379 263 3435 citius
276 3381 359 3434 modi
362 3375 487 3446 futurus
493 3375 627 3459 fit]·Nl·
682 3378 791 3460 verim]
824 3378 912 3459 qood
928 3379 1050 3442 devote

142 3460 183 3523 hil
201 3469 280 3522 enim
301 3479 424 3525 acturus
445 3479 553 3522 contre
574 3484 625 3521 me
682 3464 900 3525 defendendae
912 3469 988 3547 reip.
1001 3487 1050 3527 cm

141 3549 272 3620 videtur,
290 3548 398 3629 quide
413 3546 570 3630 legatione
585 3547 626 3607 ud
681 3552 744 3608 tiae
771 3547 860 3609 ceusu
885 3570 954 3612 non
977 3550 1050 3612 dett

141 3636 307 3717 Tigranem
330 3635 455 3714 cogitet.
488 3633 626 3714 'ltaque
681 3630 803 3692 Metuit.

140 3719 214 3778 nibil
231 3716 372 3797 impedit,
395 3738 460 3797 quo
476 3720 575 3779 minut
591 3717 628 3776 li·
725 3730 755 3795 4.
781 3726 813 3779 ut
839 3720 922 3778 buius
949 3741 1050 3802 pei-eg

142 3803 250 3864 berem
277 3800 352 3861 mibi
375 3795 566 3879 legationem
590 3801 627 3862 li·
683 3802 749 3883 nis]
796 3819 833 3863 ut
858 3803 1050 3869 rusticationi

141 3905 211 3963 cecc
226 3887 353 3947 sumere.
380 3883 498 3947 Manet.
682 3887 739 3947 tibi
751 3888 1050 3971 sructue.eliquie01l

176 3970 325 4053 sciemus]
373 3973 452 4032 Edd.
480 3993 529 4051 pr.
553 3973 628 4048 sciri
684 3992 782 4049 opere
805 3995 824 4033 e
844 3994 896 4037 me
916 3983 1050 4056 peronii

138 4057 460 4139 possitpreeterliom.
477 4077 560 4138 queo
573 4056 628 4133 ¹1⁸·
683 4056 808 4118 beruto.
913 4130 921 4141 ι
979 4088 996 4117 .·
