2506 4808
169 283 234 415 ’.μ
421 315 712 387 ⁴uiusrouu
766 315 948 387 oxum

168 526 243 580 tam
265 503 471 578 ridiculum?
499 504 647 573 Senatus
670 506 886 580 decreverat,
914 513 1093 595 ueprius
1119 514 1220 575 corni·

170 621 220 680 tia
240 609 465 681 haberentur,
487 630 586 693 quam
606 608 665 673 lex
681 607 749 673 lata
771 606 866 673 esset:
883 605 904 672 t
921 613 980 692 qui
1002 607 1220 675 intercesffis·

170 715 238 792 set,
260 734 317 779 res
342 719 473 799 integra
489 711 690 775 referretur.
735 710 866 798 Coepta
889 711 973 776 ferri
994 710 1150 797 leviter3
1172 714 1218 776 iu·

170 814 352 884 tercessum
372 834 444 879 non
464 816 599 893 invitis;
623 832 679 876 res
702 809 746 875 ad
770 809 938 892 senatum3
975 812 1024 877 de
1046 833 1091 879 ea
1112 817 1217 879 reita

172 916 388 988 censuerunt,
407 918 545 978 comitia
558 918 670 1000 primo
684 933 817 996 quoque
833 924 990 1001 tempore
1008 912 1141 983 haberi
1157 914 1217 982 esse

172 1042 194 1087 ο
207 1041 256 1087 re.
300 1016 469 1089 Scaurus,
491 1019 548 1098 qui
565 1028 640 1078 erat
653 1017 769 1101 paucis
788 1013 909 1079 diebus
931 1013 1001 1079 illis
1021 1015 1216 1090 absolutus,

172 1143 278 1208 quum
302 1141 367 1208 ego
392 1128 526 1205 partem
551 1119 622 1180 eius
648 1111 852 1178 ornatisfime
876 1113 1132 1193 defendissem,
1163 1119 1214 1184 ob

166 1220 445 1290 nuntiationibus
474 1238 537 1304 per
565 1214 764 1282 Scaevolam
804 1213 1034 1304 interpositis,
1076 1216 1214 1308 singulis

173 1325 293 1391 diebus
313 1308 484 1402 usquead
507 1316 616 1404 pridie
638 1315 706 1380 kal.
722 1315 847 1384 Octob.
871 1340 939 1401 quo
961 1340 1027 1406 ego
1048 1318 1146 1387 haec
1164 1321 1213 1386 die

173 1421 304 1512 scripsi,
324 1418 478 1492 sublatis,
501 1416 629 1506 populo
650 1421 805 1484 tributim
821 1419 916 1489 dorni
939 1417 1019 1486 suae
1043 1419 1213 1490 satisfect·

172 1538 236 1592 rat.
281 1520 354 1589 Sed
377 1533 510 1593 tamen,
539 1515 596 1583 etsi
621 1521 761 1586 uberior
781 1518 965 1586 liberalitas
988 1521 1122 1600 huius,
1139 1545 1213 1615 egra

172 1633 241 1693 tior
262 1623 325 1691 esse
339 1621 519 1690 videbatur
538 1639 675 1695 eorum,
698 1627 754 1706 qui
774 1635 991 1710 occuparant.
1037 1624 1213 1713 Cuperem

172 1727 302 1796 vultum
321 1724 435 1792 videre
452 1735 568 1795 tuum,
589 1743 694 1805 quum
710 1721 792 1788 haec
806 1724 951 1813 legeres.
994 1724 1096 1791 Nam
1110 1728 1213 1817 profe

173 1844 233 1896 cto
265 1826 357 1917 spem
384 1846 454 1889 non
486 1820 593 1889 habes
627 1823 771 1899 nullam,
807 1824 892 1891 haec
919 1830 1065 1914 negotia
1100 1827 1212 1894 mute

171 1954 250 1999 rum
267 1927 494 2002 nundinarum
518 1925 605 1990 fore.
650 1924 720 1992 Sed
743 1926 873 1993 senatus
897 1923 1004 1992 hodie
1024 1929 1154 1996 fuerat
1170 1931 1211 1997 fu

162 2047 293 2107 turus,
330 2030 366 2096 id
389 2026 453 2102 est,
485 2025 553 2093 kal.
577 2025 802 2094 Octobribus.
854 2026 925 2092 Iam
947 2033 1048 2093 enim
1070 2030 1210 2097 luciscit.

170 2133 222 2200 lbi
251 2131 430 2217 loquetur,
466 2143 601 2218 praeter
623 2127 767 2195 Antium
798 2141 832 2193 et
856 2128 1091 2207 Pavonum,
1111 2133 1210 2199 libere

169 2255 283 2301 nemo.
328 2231 415 2297 Nam
439 2231 526 2297 Cato
547 2242 711 2319 aegrotat.
753 2229 808 2295 De
827 2251 887 2295 -me
914 2226 1004 2295 nihil
1032 2239 1209 2316 timueris3

171 2335 228 2404 sed
242 2347 359 2402 tamen
369 2338 536 2423 promitto
553 2331 650 2399 nihil.

168 2668 243 2716 ente
266 2652 392 2713 comitia
419 2650 548 2709 tacitum
578 2647 659 2708 iudi-
713 2665 795 2731 puto
808 2645 989 2721 lectionem,
1007 2646 1073 2711 nisi
1086 2649 1207 2733 adple-

168 2745 251 2801 cium
276 2735 382 2809 fieret,
416 2753 491 2795 rnox
511 2734 659 2793 decerne·
713 2744 894 2810 cantuarios
911 2752 1091 2814 reponere.
1134 2738 1207 2797 Neu

167 2839 262 2895 rent,
307 2837 343 2881 ut
386 2824 490 2899 primo
526 2837 659 2899 quoque
714 2819 813 2881 alteru
853 2819 949 2879 lectio
986 2831 1116 2893 patrem
1153 2826 1206 2881 eius

167 2922 314 2985 temporo
361 2909 486 2965 comitio
529 2902 656 2976 fierent,
713 2903 839 2986 prorsus
860 2901 903 2964 ott
919 2901 1071 2968 absurde.
1105 2909 1205 2968 Scauri
1252 2927 1253 2932 ¹

167 2988 276 3055 emisso
290 2995 385 3051 tacito
401 2983 657 3049 iudicioManut.
713 2995 796 3050 euim
814 3005 903 3068 pater
918 2989 1082 3050 Cicerone
1103 2991 1204 3053 adole·

211 3088 314 3152 coepta
320 3072 406 3146 ferri
419 3069 541 3156 leuiter]
555 3092 657 3135 econ·
712 3070 1014 3149 scentedecessera13
1038 3072 1145 3137 filium
1163 3096 1205 3137 ve

157 3161 297 3234 solibus,
318 3175 439 3220 utente
457 3161 551 3234 dixit,
570 3159 657 3217 molli
712 3180 750 3221 ro
759 3161 871 3219 Cicero
886 3157 1046 3220 hocanno
1057 3161 1205 3223 defendit

165 3250 294 3306 brachio.
338 3240 459 3308 Manui.
749 3245 878 3321 singulis
906 3241 1033 3327 dietus]
1071 3244 1205 3331 singulos

209 3353 268 3391 non
302 3326 427 3413 inuitis]
461 3327 655 3405 consulibut;
711 3325 779 3390 diet
807 3327 978 3390 comitiales
1006 3332 1053 3411 Q.
1083 3334 1205 3393 Mucius

165 3413 213 3479 bia
229 3420 329 3489 onim,
353 3422 427 3496 quia
442 3420 600 3486 coierent,
619 3431 656 3476 nt
712 3413 862 3474 Scaevola
883 3413 954 3474 trib.
969 3411 1016 3492 pl.
1038 3413 1205 3478 obnuntia·
1252 3409 1253 3414 ¹

164 3503 389 3563 Memmiumet
399 3501 571 3561 Domitium
580 3520 655 3561 con·
711 3496 997 3575 tionesuslulers13
1037 3501 1073 3559 id
1105 3508 1205 3563 a'uteu

164 3586 243 3649 soles
260 3600 418 3657 crearem,
444 3602 567 3666 gratum
588 3600 655 3646 eret
709 3603 752 3644 ne
772 3603 842 3644 curn
862 3583 986 3664 populo
1011 3582 1125 3663 pollet
1145 3589 1205 3671 egi,

162 3670 224 3756 logi
245 3673 287 3735 de
308 3671 426 3733 iudicio
443 3673 539 3730 tacito
559 3673 654 3731 iuter·
709 3671 818 3750 itaque
838 3671 964 3728 comitio
984 3667 1206 3746 traherentu13

164 3760 244 3822 cedi.
515 3777 521 3792 ¹
711 3772 821 3815 omnes
840 3757 922 3814 enim
946 3752 1154 3837 magistratus
1172 3758 1208 3817 de

207 3863 295 3921 quum
333 3861 391 3918 ego
424 3846 543 3911 partem
566 3834 653 3921 esus]
710 3838 804 3899 coelo
840 3838 983 3899 servandi
1018 3841 1207 3920 poteshten

55 3922 60 3929 ’
161 3925 347 3990 Insolentiae
367 3926 482 3983 dictum
504 3942 564 4003 pro
586 3944 653 3981 cau·
697 3921 876 3986 ‹tubebmt
902 3919 1030 3982 Manui.

159 4013 245 4090 sm,
266 4011 315 4072 vel
336 4018 439 4086 partes
458 4012 533 4070 eius.
565 4012 653 4069 Atta·
744 4011 831 4086 spem
856 4004 916 4066 nori
945 4010 1039 4069 tates
1070 4008 1206 4095 assam]

161 4117 238 4165 meu
269 4095 511 4159 ammenta
546 4111 652 4163 seran
697 4089 839 4157 destitui
857 4092 1206 4175 lxtiomedk'nt
1251 4083 1253 4166 l
