2506 4808
171 326 235 395 226
429 319 713 391 EPISTOLA
753 317 944 387 CXLVI.

173 512 217 577 de
231 508 264 575 se
280 507 481 598 diligenter,
504 519 668 574 ettamen
684 505 821 573 consilio
839 504 1044 574 severissimo
1059 515 1214 576 iuvares.

172 613 211 679 P.
227 611 397 681 Servilius
415 624 529 700 pater,
554 632 598 674 ex
612 609 744 683 literis,
766 629 849 693 quas
866 607 960 674 libia
977 608 1126 677 Caesare
1142 611 1218 676 mis-

173 714 223 779 sas
240 713 304 779 esse
324 714 475 787 dicebat,
500 709 661 800 fignificat
676 709 774 777 valde
789 723 823 775 te
847 709 904 777 sibi
921 723 1061 800 gratum
1077 710 1216 786 secisse,

175 818 264 900 quod
280 816 324 880 de
350 815 405 881 sua
418 812 589 881 voluntate
612 834 693 900 erga
708 812 885 879 Caesarem
907 809 1147 878 humaniffime
1166 812 1216 878 di-

174 914 453 1005 ligentisfimeque
472 915 609 980 locutus
625 912 721 978 esses·

146 1057 167 1122 9
282 1015 397 1107 Quum
418 1015 559 1080 Romam
581 1035 625 1078 ex
645 1013 805 1102 Arpinati
826 1014 1053 1091 revertissem‚
1080 1015 1217 1080 dictum

176 1117 261 1187 mihi
288 1120 353 1193 est,
386 1116 638 1205 Hippodamum
661 1115 704 1178 ad
733 1127 767 1181 te
787 1117 983 1203 profectum
1006 1116 1087 1183 esse.
1135 1117 1217 1184 Non

174 1221 307 1309 possum
321 1217 488 1290 scribere,
508 1237 562 1280 me
579 1221 735 1280 miratum
751 1214 835 1290 esse,
853 1217 950 1283 illum
965 1230 1038 1283 tam
1055 1217 1215 1286 inhuma-

175 1329 267 1390 niter
287 1319 419 1391 secisle,
442 1328 482 1380 ut
502 1313 569 1380 sine
583 1321 667 1380 meis
683 1315 790 1381 literis
807 1318 850 1381 acl
870 1331 905 1382 te
919 1316 1217 1406 proficisceretur:

174 1421 258 1490 illud
280 1419 409 1492 scribo,
429 1414 514 1483 mihi
533 1414 708 1481 molestum
729 1417 834 1482 fuisse.
878 1420 950 1483 lam
972 1427 1065 1487 enim
1081 1423 1147 1488 diu
1161 1446 1217 1488 co·

175 1529 377 1611 giraveram,
408 1539 451 1583 ex
473 1539 533 1591 eo,
561 1518 653 1600 quod
676 1531 715 1584 tu
734 1518 776 1582 ad
798 1542 852 1585 me
872 1518 1074 1608 scripseras,
1104 1536 1162 1598 ut,
1192 1520 1221 1601 fi,

175 1623 255 1707 quid
278 1620 376 1694 esset,
400 1618 490 1703 quod
512 1617 554 1681 ad
574 1631 608 1682 te
625 1617 818 1704 diligentius
839 1624 983 1708 perferri
1001 1623 1150 1698 vellem,
1167 1623 1216 1688 illi

175 1724 308 1787 darem:
330 1721 420 1806 quod
442 1717 637 1784 mehercule
663 1715 760 1783 hisce
784 1721 912 1796 literis,
934 1744 1017 1806 quas
1039 1725 1151 1813 vulgo
1173 1725 1217 1789 ad

175 1824 209 1888 te
232 1827 352 1897 mitto,
374 1821 457 1887 nihil
479 1821 551 1885 sere
573 1818 701 1892 scribo,
723 1822 813 1903 quod
835 1821 856 1886 si
878 1830 913 1889 in
928 1825 1074 1891 aliomus
1090 1847 1217 1892 manus

173 1918 352 1998 inciderit,
373 1921 512 1987 moleste
528 1920 704 2004 serendum
721 1919 771 1986 iit.
813 1923 966 1991 Minucio
985 1948 1063 2000 me,
1088 1939 1127 1992 et
1142 1923 1217 1993 Sal·

176 2033 251 2102 vio,
280 2039 316 2090 et
334 2022 484 2088 Labeoni
507 2019 728 2086 reservabam.
770 2021 883 2091 Labeo
906 2041 964 2091 aut
984 2027 1089 2092 tarde
1112 2026 1217 2117 profi·

178 2128 337 2201 eiscetur,
358 2137 416 2191 aut
439 2130 494 2188 iiic
516 2125 676 2187 manebit.
717 2122 950 2212 Hippodamus
976 2151 1022 2194 ne
1041 2131 1216 2215 numquid

176 2226 297 2295 vellem
322 2227 459 2310 quidem
480 2232 623 2314 rogavit.
664 2223 710 2290 T.
725 2223 876 2293 Pinarius
899 2230 1061 2296 amabiles
1089 2233 1134 2297 ad
1159 2254 1215 2297 me

178 2329 220 2393 de
240 2341 275 2392 tc
294 2327 412 2393 literas
436 2332 559 2391 uiittit:
598 2324 631 2389 se
652 2331 799 2391 maxime
818 2328 947 2404 literis,
973 2329 1217 2409 sermonibus,

178 2435 272 2495 cenis
289 2429 434 2512 denique
455 2432 521 2492 tuis
537 2426 708 2491 delectari.
750 2428 784 2492 Is
800 2427 903 2495 homo
927 2428 1060 2522 semper
1083 2458 1142 2500 me
1162 2437 1216 2502 de

176 2529 314 2596 lectarit
322 2552 331 2612 3
359 2530 531 2627 fraterque
551 2535 623 2594 eius
648 2549 783 2594 mecum
805 2528 851 2595 est
871 2531 1029 2600 multum.
1077 2534 1214 2628 Quare,

178 2645 218 2695 ut
239 2628 424 2703 instituisti,
446 2628 674 2717 complectere
697 2629 954 2698 adolescentem.
996 2633 1108 2726 Quod
1132 2637 1215 2701 mul-

59 2762 64 2768 ·
179 2746 237 2797 tos
253 2731 327 2795 dies
344 2730 513 2818 epistolam
535 2736 571 2794 in
586 2732 741 2795 manibus
762 2729 878 2806 habui,
900 2748 1045 2822 propter
1058 2725 1214 2803 commoss

177 2837 344 2896 rationem
370 2831 640 2904 tabellariorum,
687 2833 766 2898 ideo
794 2834 898 2900 multa
926 2843 1088 2903 coniecta
1122 2841 1213 2915 sunt,

177 2931 266 2996 aliud
280 2931 343 2997 alio
358 2945 533 3022 tempore,
554 2931 648 2997 velut
661 2929 740 2998 hoc.
783 2931 829 2999 T.
844 2932 989 3003 Anicius
1006 2938 1098 3006 mihi
1118 2941 1208 3030 saepe

558 3161 827 3180 m

184 3384 191 3394 ,
216 3343 248 3404 9.
268 3343 304 3382 ue
321 3323 465 3402 numquid
478 3325 583 3382 uellem
599 3324 661 3400 qui·
716 3321 830 3401 viffimo
849 3320 1021 3399 testaaaeuio
1040 3334 1110 3385 tres
1135 3331 1213 3408 inpii.

175 3411 244 3467 alem
259 3408 404 3490 rogauit]
425 3411 660 3480 SicLambinus,
717 3419 776 3466 tuit
795 3411 933 3482 heredes,
955 3411 1103 3484 sororum
1128 3436 1213 3492 nepo.

174 3509 269 3566 recte.
283 3495 404 3576 Vulgo:
418 3497 661 3572 neuuncquidem
717 3504 761 3550 tes
781 3489 815 3553 C.
836 3490 990 3552 Octauium
1015 3515 1057 3555 esc
1079 3501 1213 3560 dodran·

174 3582 245 3657 quid
261 3580 351 3638 uelim
365 3580 496 3655 rogauit.
718 3590 766 3651 te,
787 3575 859 3636 etL
882 3575 1038 3638 Pinarium
1051 3594 1084 3638 et
1100 3587 1143 3660 Q.
1159 3584 1214 3647 Pe·

189 3734 193 3741 Ι
224 3657 258 3728 T.
293 3660 454 3745 Pinarius]
488 3664 574 3722 Lucii
596 3663 662 3723 sor·
717 3666 850 3722 diumea
865 3668 1051 3746 quadrante,
1074 3672 1214 3755 reliquos

174 3746 251 3829 talla
269 3751 383 3817 sraier,
407 3768 500 3827 quem
524 3747 559 3807 C.
583 3747 663 3807 Cae·
719 3750 750 3807 iu
775 3752 836 3807 ima
851 3771 926 3809 cero.
942 3785 980 3798 -
1004 3746 1137 3812 Manat.

174 3832 237 3907 sur,
273 3847 422 3912 nepotem
447 3829 560 3893 sororis
590 3830 664 3891 suae
752 3833 857 3905 frater
882 3831 966 3917 eius]
998 3835 1120 3899 Lucius
1149 3841 1216 3904 sor.

174 3915 322 3979 heredem
349 3937 419 3975 cum
442 3915 482 3995 Q
505 3914 602 3976 Pedio
632 3932 664 3977 et
718 3915 804 3990 teile,
827 3939 920 3999 quem
935 3922 1218 3989 dixiunumsniss'o

175 4002 212 4062 C.
245 4003 377 4062 Octavio
413 3999 548 4080 reliquit.
613 4002 663 4061 De
718 4004 760 4063 de
805 4003 941 4067 Caesaris
987 4003 1217 4078 coheredibus·

172 4104 240 4169 quo
248 4088 415 4151 Suetonius
423 4083 468 4146 hia
477 4081 662 4148 verbiarNo·
717 4080 840 4152 Manat.
