2580 4792
207 327 251 404 34
294 299 298 308 '
495 309 785 382 artaretur
825 299 960 381 xctt.

207 503 353 579 nostris,
390 525 454 568 nec
484 503 772 568 admonitionibus
804 500 939 584 reliquit
968 498 1110 589 locunt„
1155 498 1245 569 Nam

209 627 313 689 quum
333 610 369 668 in
387 604 540 669 sermone
557 604 773 687 quotidiano,
794 615 865 665 tum
883 608 919 665 in
945 599 1058 666 senatu
1071 601 1183 691 palam
1200 601 1244 667 fic

210 712 281 794 egit
302 703 430 772 causam
451 718 561 779 tuam,
595 719 634 770 ut
655 726 765 789 neque
787 703 979 786 eloquentia
1000 708 1129 768 maiore
1151 709 1244 790 quis·

210 828 328 892 quam,
360 830 424 873 nec
453 810 634 893 gravitate,
668 829 731 871 nec
762 805 889 878 studio,
929 827 992 868 nec
1018 813 1243 872 contentione

210 930 310 998 agere
333 914 500 997 potuerit,
539 929 618 971 cum
640 906 766 971 summa
789 904 1023 970 testificatione
1046 919 1186 972 tuorum
1206 913 1243 972 in

208 1012 242 1076 se
264 1006 476 1083 officiorum,
509 1020 543 1072 et
566 1015 690 1074 amoris
713 1031 792 1096 erga
814 1022 848 1073 te
878 1008 937 1071 sui.
1000 1008 1243 1075 Marcellinum

208 1117 284 1199 regi
301 1109 364 1174 esse
379 1116 500 1174 iratum
516 1106 590 1173 scis.
632 1108 683 1185 Ie,
708 1108 769 1173 hac
790 1116 884 1198 regia
900 1107 993 1172 causa
1010 1122 1170 1197 excepta,
1190 1134 1242 1176 ce

209 1217 293 1276 teris
308 1217 345 1276 in
360 1212 464 1301 rebus
478 1210 509 1274 se
522 1217 722 1275 acerrinuun
739 1216 789 1276 tui
806 1209 1019 1275 defensorem
1040 1211 1117 1274 fore
1133 1207 1242 1277 osten·

210 1312 272 1376 dit.
316 1311 419 1401 Quod
439 1312 515 1384 dat,
541 1317 742 1399 accipimus:
771 1310 861 1394 quod
882 1309 1025 1374 instituit
1046 1311 1175 1403 referre
1198 1313 1242 1377 de

208 1411 391 1499 religione,
434 1424 468 1476 et
495 1409 589 1501 saepe
616 1417 682 1477 iam
707 1411 843 1486 retulit,
884 1414 925 1478 ab
950 1433 991 1476 eo
1017 1411 1142 1478 deduci
1168 1436 1241 1479 non

208 1512 308 1602 potes
322 1558 330 1573 .
1032 1558 1036 1564 -

182 1654 202 1698 α
322 1611 390 1676 Res
414 1624 491 1676 ante
511 1611 591 1676 Idus
615 1624 690 1676 acta
721 1611 764 1676 fic
789 1611 848 1676 est.
910 1613 998 1679 Nam
1023 1611 1240 1680 haecltlibus

207 1736 307 1778 mane
330 1711 451 1800 scripsi.
494 1709 683 1785 Hortensii,
707 1725 742 1776 et
759 1735 850 1786 mea,
873 1725 907 1776 et
921 1713 1053 1778 Luculli
1075 1712 1239 1778 sententia

114 1892 119 1899 ι
208 1815 301 1880 cedit
320 1813 477 1900 religioni
507 1812 549 1875 de
579 1819 752 1887 exercitu,
792 1818 924 1896 (teneri
949 1820 1037 1878 eninr
1063 1836 1117 1878 res
1142 1813 1239 1879 aliter

207 1939 278 1983 non
297 1913 427 2004 potest)
449 1909 505 1979 sed
522 1935 565 1978 ex
586 1911 645 1978 illo
664 1911 796 1979 senatus
813 1915 982 1990 consulto,
1004 1915 1093 1999 quod
1108 1928 1143 1979 te
1157 1916 1240 1980 rese·

208 2027 309 2081 rente
324 2015 460 2081 sactum
484 2009 550 2088 est,
587 2014 651 2078 tibi
670 2014 850 2088 decernit,
873 2030 912 2082 ut
933 2039 1052 2105 regern
1078 2018 1240 2093 reducat,

204 2216 359 2293 Lentulo,
382 2223 467 2281 cuius
485 2238 557 2302 erga
576 2217 607 2278 se
624 2216 692 2278 offi-

199 2309 269 2376 cia,
292 2321 388 2387 quum
404 2308 436 2366 iu
457 2302 596 2364 sermone
612 2324 691 2383 quo·

200 2388 333 2461 tuliano,
350 2405 415 2449 turn
431 2393 463 2450 in
472 2387 576 2450 senatu
585 2389 690 2466 palam

201 2490 510 2544 commemoraverat,
532 2475 689 2533 reductio·

180 2578 273 2625 mem
285 2563 367 2640 regia
376 2559 582 2627 Alexandrini,
600 2579 691 2637 prae·

200 2643 303 2705 sertim
327 2647 438 2702 eiiam
467 2664 483 2701 a
507 2642 611 2702 senatu
635 2644 688 2702 de·

201 2743 317 2793 cretam
327 2769 338 2799 ,
358 2742 526 2787 conaretur
550 2734 687 2806 eripere;

199 2811 249 2872 vel
264 2810 490 2871 immoderatae
500 2811 687 2884 ambitionis,

199 2899 254 2978 qui
262 2938 273 2968 ,
295 2893 419 2956 summis
432 2900 493 2955 iam
507 2899 686 2975 perfunctus

113 2998 116 3005 ’
197 2978 564 3062 honoribu8,1riumque
582 2987 687 3040 triurn-

194 3065 331 3146 phorum
347 3065 447 3148 gloria
462 3065 685 3138 circumfluens,

196 3152 398 3222 frumentaria
413 3156 504 3211 etiam
515 3155 686 3222 curatione,

196 3234 313 3296 summa
331 3257 398 3296 curn
415 3236 584 3315 potestate,
608 3255 685 3314 pau·

193 3318 228 3381 lo
253 3336 324 3380 ante
349 3337 494 3394 ornatus,
513 3337 617 3379 tamen
640 3317 684 3376 his

790 2216 1024 2304 Marcellinum]
1048 2223 1105 2282 Cn.
1118 2222 1236 2284 Come·

746 2303 821 2364 litun
831 2306 994 2365 Lentulum
1007 2306 1234 2380 Marcellinum,

748 2389 903 2450 consulem
923 2389 953 2449 h.
970 2412 997 2451 a.
1014 2411 1085 2450 cum
1100 2393 1135 2452 L.
1150 2394 1236 2454 Mar·

747 2478 797 2536 cio
818 2474 974 2555 Philippo.

786 2563 854 2636 regi
868 2565 977 2617 iratttm
992 2562 1046 2636 effe
1055 2559 1139 2642 scis]
1157 2561 1232 2621 Vul-

745 2665 787 2726 go
802 2648 855 2701 riti
869 2647 978 2701 iratum
993 2647 1048 2721 effe
1061 2647 1121 2719 scis
1144 2646 1232 2726 quod

744 2732 903 2788 Manutius
926 2729 967 2789 fic
986 2730 1133 2808 explicat:
1159 2735 1232 2810 quia

743 2829 775 2872 te
797 2816 942 2892 cupidum
959 2815 1060 2874 videat
1080 2816 1231 2876 reducen-

744 2897 776 2954 di
797 2905 887 2980 regit.
930 2903 1047 2958 Verum
1073 2897 1146 2958 ltuic
1165 2905 1230 2961 irae

742 2983 915 3043 Marcellini
938 2989 969 3044 in
993 2984 1158 3042 Lentulum
1185 3007 1231 3044 re-

741 3085 882 3149 pugnant
902 3090 938 3126 ea
960 3089 1040 3147 qttae
1060 3067 1161 3127 statim
1188 3068 1231 3129 se·

743 3168 894 3229 quantur:
918 3157 942 3210 ir
964 3157 1017 3210 latre
1038 3156 1123 3229 regia
1145 3156 1229 3230 causa

742 3249 866 3309 excepto
890 3241 994 3296 celeris
1027 3240 1056 3294 itt
1086 3242 1168 3294 rebus
1193 3242 1228 3314 fh

740 3328 917 3378 acerrimum
960 3326 1005 3380 tnt'
1043 3322 1230 3399 defetzjbrem

194 3424 261 3466 non
296 3421 483 3476 contentus,
527 3405 683 3463 honorent
731 3404 807 3472 jare
842 3409 975 3482 ostendit.
1019 3408 1130 3486 Itaque
1165 3415 1227 3468 iarn

194 3505 358 3571 praeterea
380 3495 568 3570 quicumque
590 3484 681 3558 ellat,

192 3581 366 3658 Aegyptiae
391 3576 553 3657 legationis
586 3593 682 3649 appe-

101 3700 103 3705 *
194 3676 298 3737 teret·,
340 3659 502 3719 ueletiam
535 3662 680 3715 avaritiae

194 3747 282 3827 quod
300 3750 381 3828 regis
402 3740 598 3809 muneribus,
617 3762 680 3802 rna·

192 3851 283 3914 gnam
301 3828 340 3888 ab
355 3825 421 3906 ipso
436 3823 613 3884 restituendi
628 3847 678 3884 cu·

190 3916 353 3994 piditatem
375 3930 452 3990 prae
480 3907 509 3966 se
537 3910 678 3983 serentis,

191 4013 356 4076 corruptus
379 3991 540 4054 existimari
565 3994 676 4075 posset.

192 4078 314 4144 Manat.
678 4101 680 4106 ·

738 3492 811 3549 inde
841 3514 858 3550 a
886 3493 1028 3551 Corrado
1061 3494 1227 3571 compluri-

737 3573 794 3634 bus
808 3577 940 3654 placuit,
963 3594 997 3637 ut
1016 3596 1226 3655 reponeretur

736 3667 804 3737 regi
818 3683 877 3739 pro
900 3665 973 3730 tibi5
994 3663 1091 3741 idque
1105 3659 1224 3740 Marty-

736 3748 768 3801 ni
778 3782 788 3791 -
806 3746 948 3823 Lagona,
993 3751 1116 3826 optimo
1157 3754 1225 3811 iure

735 3837 862 3909 recepit.

778 3937 805 3975 2.
828 3915 971 3997 reducas]
994 3915 1078 3974 Male
1094 3915 1166 3976 edd.
1175 3938 1224 3996 pr.

734 4002 861 4056 deducas
890 4002 979 4079 quod
1009 4017 1040 4060 et
1072 4001 1224 4062 Gruterus

733 4083 851 4145 secutus
871 4086 923 4146 eli.
967 4085 1018 4145 De
1040 4086 1224 4148 reducendo·
