2506 4808
326 331 611 406 EPISTOL'A
648 331 848 409 'cxtvtt
1040 367 1104 432 ηε

178 529 294 620 Quum
325 525 516 617 scripsissem
547 524 630 590 haec
653 525 801 603 inliina,¹
819 549 903 613 quaa
925 523 1000 599 sunt
1026 554 1133 625 rneag

70 650 183 702 manu,
207 636 299 696 venir
315 629 355 692 ad
373 629 569 693 uosCicero
584 640 663 694 tuus
682 632 872 706 aduenam,
895 648 998 718 quum
1007 636 1103 704 Pom»

68 736 172 819 punia
190 718 281 794 ‘foras
305 745 452 795 cenaret.
497 729 602 793 Dedit
624 729 706 795 mihi
733 732 904 818 epistelam
924 735 1103 824 legendam

67 845 178 904 tuam,
202 852 302 913 quam
323 830 434 918 paullo
451 842 527 893 aute
543 844 736 918 acceperat,
758 832 1009 923 Aristophaneo
1031 856 1101 908 mu·

71 934 134 1004 du,
157 932 253 998 valde
268 930 463 996 mehercule
481 943 515 994 et
535 931 685 1005 suavem,
709 945 742 996 et
764 926 919 1020 gs'avem:
941 960 1006 1023 qua
1029 941 1100 1007 sum

68 1022 252 1097 admodum
267 1032 464 1096 delectatus.
503 1031 609 1094 Dedit
625 1039 725 1096 etiam
742 1035 880 1101 alteram
897 1039 987 1104 illam
1004 1043 1099 1121 mihi,

69 1154 134 1218 qua
149 1138 244 1200 iubes
266 1156 343 1198 eum
364 1131 447 1196 mihi
471 1131 534 1198 esse
559 1131 698 1197 affixum
732 1145 902 1220 tamquam
928 1130 1097 1229 magistre.

68 1236 179 1326 Quam
208 1236 304 1301 illurn
335 1231 490 1320 epistulae
518 1232 593 1297 illae
619 1233 856 1300 delectarunt?
895 1260 995 1322 quam
1020 1244 1099 1309 me?

66 1336 160 1402 Nibil
173 1332 280 1423 puero
299 1335 359 1400 illo
383 1334 531 1407 suavius,
554 1331 639 1398 nihil
660 1333 767 1400 nostri
783 1344 959 1405 amantius.
1002 1344 1097 1410 Haec

64 1444 156 1503 inter
173 1458 289 1502 cenam
305 1436 340 1501 T
340 1436 430 1502 irunt
443 1440 589 1507 dictavi,
613 1454 657 1499 ne
679 1440 804 1500 mirere
825 1431 1002 1508 alumenu
1020 1443 1097 1511 esse.

64 1534 191 1607 Annali
204 1537 322 1603 literae
335 1550 412 1602 tuae
424 1549 601 1625 pergratae
621 1538 775 1612 fuerunt,
801 1541 891 1624 quud
902 1556 943 1608 et
960 1532 1097 1617 curares

64 1844 106 1884 eo
130 1821 199 1884 satis
219 1836 324 1902 patet,
365 1825 398 1884 in
420 1822 550 1904 epistola
604 1838 641 1883 ut
654 1825 708 1902 qui
721 1821 858 1885 lectione
870 1826 1025 1908 Euripidis
1041 1833 1097 1895 ad⁴

63 1913 145 1989 quod
167 1909 240 1965 iniit
267 1920 398 1982 tempus,
437 1906 550 1968 Rornae
605 1909 735 1967 niodum
751 1924 916 1970 teneretur.
952 1911 1072 1979 Manat.

61 1996 253 2068 praejertim,
281 2005 320 2053 ,ut
349 1993 402 2067 iste
431 2017 478 2052 me
503 2017 549 2051 ro·
647 1993 857 2066 Aristophaneo
872 1997 981 2081 inodo]
1005 2001 1094 2062 Hanc

62 2090 133 2155 gat,
156 2080 296 2150 inaneuti,
320 2099 441 2135 unctium
457 2081 548 2159 osteu-
605 2073 784 2157 scripturam
808 2088 963 2142 revocavit
987 2086 1093 2149 Victo·

62 2162 169 2220 ditur?
212 2164 286 2222 ideo
316 2163 468 2243 Quintus,
512 2184 549 2225 ea
600 2161 984 2227 riusemeuibranissuis.
1014 2171 1092 2231 Ean·

61 2268 124 2331 qua
140 2248 200 2307 disi
220 2248 390 2326 suspicione
409 2269 549 2311 commo·
605 2248 677 2306 dem
693 2247 845 2307 Gruterus
858 2257 1019 2329 reperitin
1028 2255 1091 2319 Pal.

60 2350 129 2407 tus,
151 2332 197 2392 bis
218 2334 285 2393 sere
303 2333 403 2394 verbis
428 2332 552 2414 scripse·
610 2353 633 2390 t.
652 2346 682 2390 et
695 2345 725 2409 4,
747 2332 852 2415 Vulgo
872 2352 956 2397 erat:
969 2341 1009 2413 ui
1022 2339 1091 2397 Ari,

59 2435 124 2479 rat:
165 2415 303 2479 Fortasse
331 2418 387 2478 tibi
420 2416 547 2500 δευτέρου
596 2417 741 2491 stephane
767 2437 841 2480 meo.
883 2419 961 2480 lude
986 2423 1091 2506 legen·

60 2501 199 2587 φροντίδες
214 2503 372 2584 σοφώτεραι
394 2508 547 2577 videntur,
605 2500 678 2561 dum
707 2503 839 2581 putabat
866 2505 1025 2566 Manutius
1054 2515 1091 2568 ab

59 2586 87 2650 h.
113 2607 141 2649 e.
174 2583 301 2647 fortasse
328 2585 485 2647 confilium
507 2591 548 2649 de
604 2586 803 2660 Aristophane.
827 2588 1006 2653 tectionem
1020 2594 1090 2651 Ari·

54 2660 191 2734 ¹Caesare
212 2669 350 2744 mutasti,
384 2677 437 2754 qui
463 2692 500 2732 co
524 2677 547 2732 i-
595 2672 758 2746 stephanon
774 2675 863 2730 modo
878 2673 1033 2752 Victorius
1049 2674 1090 2740 tie

58 2774 105 2820 tes
134 2763 166 2816 iu
187 2755 380 2836 Hispaniam
421 2695 547 2818 sorialle
601 2759 881 2834 interpretabatur:
925 2760 1088 2839 epistolam

57 2841 210 2925 posterius
242 2843 358 2923 aliquid
389 2841 545 2925 cogitast13
601 2837 751 2901 versiculis
765 2842 873 2903 facetis
885 2843 1089 2926 couscriptum

57 2932 154 3011 idque
175 2934 271 3010 magis
294 2926 427 3008 probas,
450 2940 545 3008 quam
600 2922 709 2998 fuisset
746 2925 950 3004 Aristophanis
984 2936 1092 2998 cornici,

59 3013 148 3094 quod
196 3028 286 3072 autea
334 3011 544 3073 constitueras.
600 3012 710 3073 ruodo.
763 3013 795 3071 Si
825 3018 929 3074 tamen
950 3033 1033 3075 recte
1056 3017 1088 3078 se

59 3100 117 3157 Cui
131 3095 320 3176 respondens
331 3099 465 3168 Marcus,
483 3119 544 3185 ego
596 3092 714 3183 lrabeat
732 3093 942 3172 Aristophaneo
978 3106 1086 3176 inodo,

56 3203 151 3254 vero,
179 3187 297 3262 inquit,
318 3203 402 3243 meas
423 3191 543 3262 priores
599 3182 708 3239 reserri
729 3187 821 3240 etiam
846 3183 936 3261 pollis
964 3188 1003 3245 ad
1020 3189 1087 3245 Ari·

55 3272 278 3351 cogitationes,
309 3287 378 3337 inea
403 3269 443 3326 da
467 3270 544 3328 Cae·
592 3266 768 3343 stuplonem
792 3267 993 3349 Byzantinum
1020 3275 1087 3332 Cri.

55 3351 122 3412 sara
149 3350 285 3413 colendo
317 3349 439 3414 utinsilia
469 3351 544 3412 niliil
600 3355 710 3428 ticum;
757 3367 788 3411 et
809 3351 942 3432 Quintus
978 3356 1088 3431 sortas-

56 3454 163 3510 mutu·,
199 3432 384 3515 posteriores
413 3442 443 3496 in
466 3439 543 3497 Cae·
598 3433 629 3494 se
645 3433 800 3495 censuram
817 3454 923 3519 egerat
939 3438 1093 3519 epistolas*

55 3521 126 3580 sans
149 3520 240 3579 rebus
262 3541 348 3580 curas
373 3536 404 3581 et
425 3528 542 3603 cogita·
600 3517 702 3579 afilia
719 3521 759 3580 ad
782 3540 852 3581 eum
878 3522 1022 3600 scriptae,
1042 3530 1093 3589 iu·

55 3612 156 3665 tiones
172 3605 287 3664 habere
301 3604 540 3685 nullaspolsuni.
599 3603 737 3665 terruistis
752 3607 867 3666 facetiis
883 3622 913 3665 et
928 3607 1047 3670 salibus.
1089 3622 1093 3640 '

55 3692 208 3770 Arrigerat
243 3697 321 3749 enim
358 3707 389 3750 et
416 3687 542 3751 fortasse
609 3686 770 3773 ‘Annalss
811 3690 922 3750 Vidine
967 3698 1083 3775 gentis,

53 3779 206 3855 integrum
235 3782 415 3834 recitaverat
444 3776 548 3854 Quiris
596 3772 750 3853 plebeiae.
777 3776 1090 3859 Natumcoguomeu'

54 3874 103 3918 tus
120 3858 267 3916 senarium
284 3859 370 3918 illum
387 3860 541 3943 Euripidis
598 3858 637 3917 ab
654 3878 713 3932 eo,
736 3863 789 3939 qui
806 3858 907 3941 legem
921 3863 960 3920 de
976 3879 1085 3941 peteu-

53 3948 87 4005 iu
100 3944 295 4025 Hippolyto:
543 3944 548 3955 '
597 3943 643 4004 dis
675 3934 900 4027 magistratibus
949 3946 1090 4006 annalem²

98 4033 128 4088 ei
155 4025 282 4109 iscripsi
309 4046 370 4096 πως
390 4027 548 4113 epitritis·
595 4032 628 4088 iu
644 4028 801 4093 tribunatu
817 4029 948 4108 pltulit
962 4026 1091 4096 Manui:

138 4112 307 4195 σοφῶπραι.
540 4138 546 4147 ’
1004 4142 1017 4151 ··
1074 4118 1091 4147 ”

97 4226 154 4282 cte.
174 4228 245 4295 app.
269 4215 344 4286 Tam.
362 4223 410 4279 Π..
949 4205 978 4276 P
