2506 4808
367 320 648 407 EPISTOLA
688 324 763 393 Vlc
1044 354 1084 419 ¹3

73 534 136 589 tuo:
161 517 275 609 Quum
290 511 390 581 essem
404 518 442 579 in
459 513 651 594 Ceramico)
675 520 893 579 veruntamen
907 538 1021 602 quum·
1034 525 1089 593 ibi

10 620 12 625 ’
71 620 167 695 essem‚'
188 615 316 699 Roma2
335 635 420 703 puer
436 611 582 679 asorore
598 624 656 678 tua
669 609 795 697 missus,
817 613 987 702 epistolam
999 622 1085 693 mihi

71 729 173 790 abste
196 719 331 785 assatam
353 715 466 793 dedit,
492 719 745 798 nuntiavitque,
776 737 818 781 eo
838 715 909 804 ipso
935 721 990 787 die
1010 727 1089 813 post

71 825 236 893 meridiem
257 825 386 887 iturum
408 838 503 891 eum,
531 820 589 901 qui
607 816 649 880 ad
666 828 700 881 te
714 814 992 904 proficiscemur.
1035 829 1087 895 Eo

76 930 184 994 sactum
200 922 265 997 est,
290 932 330 986 ut
350 917 506 1007 epistolae
520 930 597 984 tuae
611 915 830 983 rescriberem
845 920 986 1010 aliquid5
1016 931 1090 994 bre,

70 1037 159 1097 ritate
175 1027 344 1113 temporis
364 1034 434 1087 tam
454 1041 560 1108 pauca
575 1041 716 1110 cogerer
736 1019 892 1091 scribere.

64 1204 72 1227 (
143 1126 297 1211 Primum
311 1125 375 1218 tibi
388 1121 432 1187 de
446 1121 561 1187 nostro
576 1127 685 1188 amico
700 1121 886 1212 placando,
907 1144 965 1201 aut
986 1141 1119 1201 etiamn

61 1232 160 1324 plane
171 1224 380 1296 restituendo
396 1221 569 1311 polliceor.
613 1222 717 1313 Quod
730 1247 812 1314 ego,
827 1227 892 1301 ‚etii
906 1254 982 1301 mea
996 1235 1092 1324 spon.

61 1351 96 1402 te
119 1345 196 1401 ante
218 1331 401 1401 faciebam,
431 1346 472 1389 eo
488 1346 580 1391 nuuc
602 1337 717 1393 tamen
738 1341 774 1392 et
789 1351 885 1418 agam
904 1333 1091 1415 studiosius
1105 1410 1122 1423 Ι,

62 1451 97 1507 et
117 1431 325 1507 contendam
348 1429 389 1507 ab
410 1424 468 1491 islo
490 1423 744 1506 vehementius,
779 1433 874 1514 quod
889 1448 1028 1503 'tantam
1047 1457 1092 1506 ex

60 1535 200 1628 epistola
224 1531 436 1600 voluntatem
465 1534 536 1594 eius
559 1533 609 1592 rei
636 1541 728 1595 tuam
752 1532 939 1622 perspicere
960 1541 1091 1609 uideor.

58 1642 140 1708 Hoc
163 1651 195 1702 te
216 1632 407 1720 intelligere
430 1629 525 1705 volu,
556 1638 766 1720 pergraviter
784 1634 878 1701 illum
903 1637 965 1704 esse
986 1643 1094 1709 ossen·

60 1743 153 1823 sum3
185 1736 242 1803 sed
265 1739 351 1819 quia·
364 1730 492 1799 nullam
513 1730 613 1796 video
640 1755 778 1821 gravem
808 1736 1094 1822 subessecausam,

59 1859 269 1932 magnopere
287 1830 428 1926 confido
449 1831 545 1903 flium
565 1833 641 1901 tore
661 1839 699 1913 iu
720 1834 853 1916 officio,
882 1850 968 1913 etin
980 1847 1094 1916 noim

59 1928 239 2038 potestate.

151 2043 259 2131 Signa
278 2035 410 2112 nostra,
438 2047 472 2107 et
484 2034 740 2114 Hermeraclas,
768 2056 807 2107 ut
828 2043 965 2124 scribis,
990 2065 1126 2136 quum3

65 2139 331 2218 commodissime
346 2143 489 2228 poteris,
510 2136 612 2204 velim
623 2143 794 2228 imponas,
809 2159 843 2211 et
858 2144 879 2210 fi
897 2151 987 2232 quod
1005 2152 1096 2220 aliud

66 2255 183 2321 οἰκεῖον
202 2250 273 2310 eius
287 2242 367 2315 loci,
389 2262 490 2325 quem
504 2263 576 2304 non
588 2247 741 2330 ignoras,
762 2252 924 2333 reperies,
945 2264 982 2317 et
994 2260 1099 2322 mairi-

67 2375 145 2425 me‚
168 2369 252 2432 quae
265 2348 331 2411 tibi
345 2336 552 2432 palaestrae,-
565 2343 1010 2437 gymnesiiqueuidebuntur
1021 2354 1097 2421 esse.

68 2455 205 2520 Etenim
224 2448 273 2513 ibi
292 2443 413 2510 sedens
431 2439 514 2507 haec
531 2445 572 2507 ad
595 2459 628 2510 te
644 2445 846 2532 scribebam3
873 2465 912 2517 ut
929 2474 983 2518 me
1000 2455 1098 2526 locus

72 2553 140 2646 ipse
153 2551 365 2619 'admoneret-
407 2544 583 2611 Praeterea
598 2561 698 2641 typos
715 2552 777 2615 tibi
795 2554 938 2649 mando,
958 2579 1044 2644 quos
1061 2565 1100 2629 in

449 2716 720 2732 m

79 2851 128 2907 inc
151 2847 309 2908 mittnon
322 2845 424 2905 minus
443 2839 560 2922 lepide.
616 2858 854 2925 reponeturque
882 2847 939 2909 ribi
958 2870 1020 2930 pro
1044 2851 1100 2914 ilio

82 2933 216 2996 Scribens
237 2935 326 3001 enim,
338 2931 457 3001 Atticus
473 2928 561 2991 Cice·
618 2943 685 2988 tuo.
705 2925 885 3005 Malafpina.
917 2935 1025 2996 Lectio
1049 2941 1104 2998 tihi

80 3023 147 3086 roni
159 3017 213 3076 illo
222 3018 378 3096 principio
392 3011 461 3072 usus
478 3027 561 3073 erat:
617 3016 709 3074 unice
718 3036 801 3089 vere,
813 3031 925 3097 utpote
938 3018 1104 3102 hicaptior

86 3104 175 3186 Quum
203 3102 289 3177 effem
325 3103 356 3159 in
378 3094 560 3169 Ceramico.
617 3112 649 3170 et
670 3102 861 3163 aninnior.
975 3157 979 3165 ,

83 3187 155 3248 Eum
172 3189 284 3247 Cicero
303 3182 371 3244 casu
381 3226 391 3258 ,
419 3198 454 3243 ut
476 3183 561 3256 credi
665 3205 690 3246 r.
716 3206 807 3266 quum
821 3189 906 3262 essem
920 3191 950 3247 iu
970 3185 1104 3250 Cerami-

85 3271 194 3354 potest,
227 3275 384 3342 imitatus,
404 3266 562 3352 ,suamque
619 3266 664 3350 cu]
706 3271 836 3333 Athenis
859 3278 1021 3347 nimirum,
1049 3279 1104 3338 ubi

87 3355 238 3438 epistolam
283 3359 327 3414 ita
368 3351 562 3432 auspicatus:
618 3353 675 3423 illo
703 3368 849 3436 tempore
871 3363 990 3422 Atticus
1017 3384 1105 3424 com-

10 3484 14 3503 ,-
89 3443 176 3525 Quum
202 3442 289 3518 effim
320 3442 351 3496 iu
380 3432 562 3514 ‚Triseuldum
618 3441 861 3506 memorabatur.

10 3538 17 3599 i,
88 3529 116 3589 sd
146 3523 251 3607 postea
295 3528 562 3594 animadvertens,
622 3573 628 3581 .
661 3537 691 3597 5.
716 3520 936 3610 Hermeraclas]
980 3532 1106 3592 Mercu.

10 3608 19 3739 ἰ
90 3609 190 3684 setisve,
207 3614 266 3669 erit
280 3612 334 3667 hoe
349 3610 423 3671 utilis
436 3629 493 3684 pro
509 3610 562 3671 illu
619 3611 656 3678 rii
673 3625 705 3671 et
720 3613 858 3675 Herculis
873 3612 956 3697 sigua
974 3623 1106 3677 coniun-

10 3744 14 3757 ,
92 3707 148 3770 tue,
167 3692 303 3768 horest,
326 3692 565 3767 aristocrneuoi
620 3709 689 3769 cta,
713 3700 889 3761 cuiusmodi
906 3706 998 3762 etiam
1017 3717 1107 3762 erant

10 3788 17 3833 2
94 3783 153 3842 nihi
171 3806 204 3841 eo
220 3785 306 3853 Ioco,
327 3801 388 3860 quc
407 3780 461 3839 tibi
481 3791 564 3836 tuum
621 3779 854 3849 Hermatheuue,
872 3802 904 3847 et
925 3787 1106 3867 Ἒρμέρωτες,

14 3896 19 3947 '.
101 3867 165 3925 ttuu
207 3862 382 3946 lnquoesi
402 3866 564 3948 gretcop·
620 3880 655 3923 ut
678 3864 744 3926 lut
768 3868 844 3928 olim
866 3875 897 3929 in
919 3870 1116 3951 quibusdem,

16 3968 23 4019 j
104 3948 193 4025 putitio
218 3956 280 4011 mei
308 3966 339 4009 et
359 3955 414 4015 tui.
464 3948 564 4009 Recte
621 3955 759 4032 antiquis.
774 3955 959 4016 editionibus
980 3956 1104 4038 legeba-

107 4037 173 4095 etim
193 4030 277 4108 Titi,
295 4029 469 4101 illosensu:
494 4027 564 4109 Erit
620 4051 679 4105 rur.
891 4074 893 4079 =
1055 4088 1059 4095 .
1153 4097 1156 4102 ,

106 4116 216 4199 beriti,
239 4118 302 4183 boc
321 4115 367 4189 0ss
386 4114 563 4197 restituetur
661 4122 762 4205 typus]
792 4117 869 4205 Typi
883 4121 1107 4208 simtimrgun-
