2580 4792
200 344 272 416 308
479 324 761 398 EPlS-TOLA
812 326 962 396 CLVI.

147 522 150 527 ’
204 522 325 611 ²e'opies
340 515 454 586 nosti.'
478 516 645 584 Scaurum
661 513 821 581 Triarius
837 536 935 580 reum
951 516 1048 583 iecit.
1097 516 1141 585 Si
1158 492 1252 605 quaes

202 628 281 696 ris,
315 620 406 686 nulla
429 617 476 684 elt
496 638 704 708 magnopere
731 628 902 681 commota
928 613 1139 701 everri-iesu.
1186 621 1253 687 Sed

205 736 324 788 tamen
349 719 452 786 habet
472 720 622 786 aedilitas
646 725 715 784 eius
739 725 934 785 memoriam
959 743 1031 785 non
1063 725 1252 808 ingratam

204 836 248 892 'et
270 823 316 890 est
338 822 471 913 pondus
494 822 583 908 apud
605 821 749 886 rusticos
769 826 804 883 in
817 827 924 908 putris
940 827 1124 887 memoria.
1170 822 1253 888 Reli

211 932 270 1013 qui
292 927 360 993 duo
378 923 502 1015 plebeii
530 919 572 987 fic
595 933 842 1004 exaequantur,
875 936 914 987 ut
938 922 1121 990 Domitius
1146 926 1251 992 velent

207 1033 349 1103 emieis,
388 1026 565 1093 adiuvetur
592 1029 692 1089 etiam
728 1022 909 1111 gratissimo
939 1046 1106 1109 munere3
1147 1028 1249 1093 Mem·

206 1135 302 1196 mius
317 1126 469 1197 Caesaris
494 1124 754 1192 commendetur
776 1124 959 1201 militibus,
983 1138 1061 1192 tum
1082 1119 1161 1196 eius
1179 1129 1248 1196 Gal·

212 1481 281 1530 ante
296 1469 417 1528 comitia
432 1469 565 1527 tributim
580 1488 635 1525 uno
655 1470 696 1525 lo·
753 1481 788 1526 et
810 1465 941 1526 Sceurnt
965 1470 1112 1548 petricii;
1136 1469 1246 1553 plebeil

213 1576 247 1614 eo
271 1554 373 1629 divisis
395 1557 512 1630 palum,
532 1556 601 1612 inde
618 1553 697 1628 abso·
754 1550 909 1610 Domitius
931 1565 963 1610 et
984 1552 1184 1633 Memmlue;
1206 1578 1247 1617 er·

207 1642 307 1698 tutem
322 1634 488 1699 Gabinium.
534 1635 637 1697 Etiam
655 1641 696 1697 ui·
754 1656 797 1719 go
835 1654 904 1694 cum
929 1632 1059 1696 Mellele
1094 1641 1246 1712 Scaurus,

213 1729 300 1783 detur
323 1725 378 1801 esse
392 1729 547 1784 valiturus.
590 1719 697 1782 Feren·
754 1740 823 1781 cum
832 1719 973 1780 Domitio
989 1723 1166 1788 Memmius
1180 1748 1247 1788 eon·

213 1810 347 1887 dumosi.
391 1810 518 1894 Quaeris
532 1831 588 1888 ego
603 1829 651 1867 me
666 1819 698 1866 ut
753 1804 912 1866 tendebat.
958 1800 1084 1863 Manet.

209 1896 348 1978 Μαρέῃ
363 1910 420 1956 etc,
797 1893 952 1946 adiuvetur
967 1892 1060 1948 etiam
1077 1897 1245 1972 gratifflmo

210 1983 214 1995 '
257 2000 287 2041 ι.
315 1978 421 2064 reum]
482 1977 523 2039 de
560 1977 696 2049 ambitu,
754 1973 894 2056 munere]
918 1975 1178 2060 Vulgolegitur:
1199 1985 1246 2039 ed·

208 2084 284 2128 uem
302 2064 344 2125 de
357 2066 537 2144 repetundis
549 2066 610 2123 lem
632 2064 697 2123 lue·
754 2063 870 2118 iuvetur
891 2070 1062 2119 tamennon
1077 2066 1246 2143 gretiffirno

210 2148 426 2211 itteblolutue
443 2169 492 2230 ep.
507 2158 696 2229 149.et15t.
753 2166 882 2206 inuuere.
936 2149 1032 2224 Atqui
1064 2146 1164 2228 supra
1199 2170 1245 2231 ep.

205 2230 334 2294 'Manut.
758 2248 825 2311 149.
849 2227 1021 2308 scripserat:
1046 2229 1184 2310 Meffala
1200 2258 1244 2295 no.

255 2312 445 2400 συμπάθεια]
473 2319 565 2376 enimi
592 2331 696 2376 motus
746 2315 811 2390 ster
835 2318 947 2372 eteius
971 2324 1161 2392 competitor
1186 2316 1244 2380 Do·

209 2420 249 2466 ex
282 2400 567 2475 commilemtione3
599 2420 695 2461 nemo
754 2401 855 2458 mitius
869 2402 998 2458 liberalis
1011 2403 1043 2460 in
1057 2410 1177 2480 populo
1190 2410 1245 2465 vel·

206 2486 696 2550 ferecondoluitSceurumreum
753 2482 874 2555 defuit.
899 2480 985 2545 Nihil
999 2492 1138 2564 gratius.
1162 2494 1245 2573 Quo·

206 2576 337 2635 'fectum
752 2572 851 2630 modo
882 2589 959 2652 ergo
994 2569 1047 2634 hic
1082 2577 1246 2638 serendum

206 2672 212 2682 “
253 2653 413 2738 aedilitas]
453 2651 696 2716 Asconli'verba
753 2653 826 2717 ellet
855 2658 1013 2713 adiuvetur
1049 2671 1156 2719 tamen
1192 2683 1243 2721 non

210 2740 302 2803 sunt:
349 2741 541 2798 Aedilitotem
578 2741 696 2814 summa
752 2740 944 2819 gratissimo?
976 2743 1091 2824 ltaque
1110 2745 1243 2828 rescrlpfi

210 2823 432 2906 magm'jr'ceutia
466 2823 552 2904 gessit
582 2826 695 2899 (Sceu-
750 2828 908 2884 adiuvetur
941 2831 1034 2884 etiem
1072 2835 1241 2910 gratifflme

205 2913 282 2991 tut)
299 2914 392 2983 adeo,
416 2921 449 2967 ut
464 2912 568 2968 ineius
585 2912 694 2982 irnpen·
752 2932 879 2969 metuere.

203 2997 255 3073 fas
291 3015 361 3070 opes
387 2996 457 3070 suus
491 2995 694 3071 absumpserit,
799 2993 931 3070 Caesaris
945 3004 1177 3067 commendetur
1193 3005 1240 3060 mi.

208 3088 406 3158 inriguumque
420 3100 470 3138 aes
485 3082 614 3138 alienum
628 3101 695 3138 con·
750 3079 872 3162 litibus]
894 3080 933 3139 ed
955 3078 1103 3167 suffragio
1126 3095 1240 3150 venien.

210 3171 351 3224 traxerit.
371 3201 410 3212 -
446 3160 567 3223 Manui.
751 3165 841 3227 tibus.
883 3161 1003 3225 lllanui.

207 3252 212 3267 ⁸
254 3252 294 3327 est
314 3247 450 3334 pondus]
485 3251 593 3333 Magni
613 3267 694 3329 pon·
792 3263 854 3306 rum
885 3250 946 3306 eius
972 3246 1077 3309 Gallia
1109 3256 1239 3339 nitatur]

209 3333 289 3396 deris
305 3336 357 3408 eil,
373 3335 504 3394 multum
515 3336 595 3395 velet
609 3333 693 3413 opud
748 3334 854 3418 Vulgo
875 3330 1012 3409 Pompeii
1037 3333 1149 3398 Gallia
1172 3349 1240 3401 nite·

207 3417 694 3480 rusticeeuibuememoriusceu·
748 3428 807 3479 tur.
836 3422 898 3479 Sed
914 3416 1052 3494 Pompeii
1067 3424 1112 3483 de
1128 3431 1239 3487 mendo

208 3509 235 3565 ri
250 3509 362 3586 petris,
391 3511 504 3584 optimi
522 3522 553 3566 et
573 3500 692 3564 cleriffi·
748 3502 917 3584 lulpectum
929 3506 1240 3592 fuitMonutio,quod

207 3596 251 3650 mi
274 3595 345 3664 viri,
367 3594 420 3672 qui
441 3594 583 3670 princeps
609 3586 693 3648 sent·
748 3588 1002 3668 Pompeiustmn
1027 3592 1131 3654 freter
1142 3599 1239 3657 Mem·

207 3690 256 3735 tut
280 3674 503 3756 saepenumero
521 3677 619 3732 dictus
639 3669 690 3733 est.
746 3678 801 3732 mli
832 3674 883 3734 sed
913 3673 1106 3738 adversarius
1137 3690 1240 3761 potius

207 3759 393 3823 Absolutum
419 3760 568 3817 Scaurum
594 3754 691 3816 filium
748 3756 839 3832 effer,
863 3774 895 3818 ut
911 3778 947 3816 ex
963 3759 1048 3838 epist.
1071 3773 1143 3841 ¹42·
1168 3786 1240 3829 con·

205 3850 302 3925 patrie
319 3846 442 3927 egregie
459 3844 609 3903 memorie
630 3857 691 3902 tre·
746 3841 821 3902 stet:
856 3864 915 3902 nee
934 3842 1002 3903 setis
1023 3867 1164 3926 apparet
1188 3872 1240 3915 eur

205 3931 251 3989 dit
267 3928 408 3988 Valerius
432 3928 517 3986 Max.
539 3925 591 3987 lib.
606 3926 690 3992 vlit.
745 3928 849 3988 Gellia
868 3930 987 3987 dicetur
1005 3926 1157 4007 Pompeii.
1183 3939 1241 3998 lte·

170 4063 174 4069 .
205 4032 232 4073 c.
258 4032 284 4073 1.
328 4007 447 4069 Manui.
745 4025 885 4093 querum
900 4015 961 4070 eius
979 4010 1083 4074 Gallia
1103 4020 1240 4104 nimpi

243 4099 301 4156 duo
316 4090 444 4177 ⁴plebeii]
461 4094 546 4155 ilem
558 4090 688 4158 Mellele
742 4100 808 4162 ie.
830 4101 992 4181 provincie
1008 4101 1153 4170 Ceelerie
1169 4108 1240 4171 Get
