2506 4808
45 358 53 373 ,
105 309 172 379 ²5⁵
382 290 669 365 EPISTOLA
727 280 870 375 xit„

106 483 260 551 advocati
280 483 381 550 fibilis
403 483 559 551 conscissi.
603 483 709 549 Ludis
731 479 997 570 Apollinaribus
1021 484 1079 573 Di]

105 582 160 649 lus
182 588 365 674 tragoedus
389 592 425 650 in
442 585 594 650 nostrum
615 584 813 672 Pompeium
832 584 1035 671 petulanter
1056 593 1079 653 il

108 696 180 750 ctus
196 685 253 750 eit.
283 684 425 761 „Nostra
438 686 568 751 miseria
583 700 621 753 tu
636 707 671 752 es
688 686 850 774 maguus”
859 685 984 753 millies
1002 710 1079 753 com

106 784 153 857 est
182 788 307 855 dicere·
359 787 538 861 „Eandem
568 793 727 853 virtutem
755 784 868 863 istam,
906 793 1033 854 veniet
1063 802 1079 854 t

106 909 189 976 pue,
208 911 310 974 quum
325 895 474 979 graviter
486 910 602 978 gemes
611 887 639 960 ‚”
664 895 769 958 tutius
783 887 907 956 theatri
925 889 1079 958 clamore

106 994 170 1063 xit,
192 996 341 1077 itemque
354 1007 478 1062 cetera.
523 989 609 1057 Nam
624 1002 659 1055 et
675 990 845 1058 eiusmodi
865 987 945 1059 sunt
964 998 991 1060 ii
1014 1016 1079 1060 ver

108 1298 160 1365 ει.
204 1290 322 1373 Quidni
356 1304 461 1351 eutem
497 1290 592 1349 domi·
648 1290 763 1349 tentiae
776 1287 918 1353 adducit:
961 1286 1079 1354 Nouo

107 1395 179 1435 num
195 1375 357 1438 Gaesarem
371 1375 594 1457 intelligemut3
649 1385 793 1454 quautam
815 1377 932 1434 turbam
953 1390 1079 1457 quantos

110 1462 270 1521 advocatos
306 1476 408 1520 autem
447 1479 501 1520 eoc
539 1463 594 1539 qui
644 1458 753 1531 fluctus
769 1460 918 1518 concites?

108 1545 494 1625 ciucpartibusicvebcnt?
512 1546 594 1603 Nem
694 1543 822 1628 millies]
864 1546 965 1608 Recte
995 1551 1079 1610 refut

108 1628 181 1690 alibi
197 1635 288 1693 etiem
298 1629 596 1691 CaesaremetPom·
653 1629 802 1688 Graevius
830 1629 972 1711 Popmec
1005 1650 1038 1695 et
1061 1637 1077 1695 J

108 1720 214 1796 poium
238 1711 378 1801 dynastes
399 1729 500 1773 vocat.
651 1728 879 1785 commentum,
902 1736 968 1796 quo
991 1738 1031 1778 ex
1052 1741 1079 1780 ut

150 1803 228 1858 ludis
255 1797 496 1883 Apollinaribus]
541 1800 596 1878 qui
653 1798 768 1859 codicis
801 1800 951 1860 mendose
989 1800 1079 1885 script

109 1881 226 1945 fiebant
253 1906 270 1946 a
297 1887 445 1945 Proetore
466 1881 595 1942 Urbano
652 1884 737 1940 miles
746 1887 858 1963 reponi
869 1882 1030 1949 volebant.
1049 1892 1079 1953 (i

110 1986 138 2027 e.
158 1970 186 2028 d·
207 1969 255 2028 ΙΙΙ.
280 1971 363 2030 Non.
387 1967 516 2049 Quintil.
533 1969 596 2027 Liv.
653 1988 690 2028 ro
703 1967 778 2027 nihil
791 1966 1079 2055 eliuddicturns,qn

109 2050 132 2112 l.
153 2054 275 2115 XXVII
314 2053 412 2135 paulo
437 2051 525 2113 aliter
543 2050 596 2114 lib.
653 2067 690 2114 ut
698 2051 838 2113 Valerius
850 2053 931 2114 Mox.
948 2060 1000 2128 cit,
1016 2056 1079 2141 oliqt

110 2137 188 2197 xvi
215 2147 309 2216 emt.
338 2135 424 2202 Corr.
651 2138 878 2216 tiecepopulo
892 2158 1068 2203 revocatum

114 2224 120 2257 ’·
156 2217 312 2306 Diphilus]
356 2222 495 2284 Valerius
510 2223 595 2284 Max.
651 2221 700 2295 se,
721 2223 910 2301 ύπερβολικὸς
929 2225 1079 2289 dicitmtiit

110 2304 166 2367 lib.
178 2307 229 2367 Vl.
247 2329 272 2368 c.
290 2329 316 2369 2.
351 2306 518 2387 „Diphilus
536 2324 597 2368 tra·
651 2307 720 2369 Ne'c
735 2305 843 2366 tetum
857 2307 915 2367 elic
936 2310 1079 2393 exempla}

134 2392 248 2462 oedus,
289 2413 384 2475 quum
411 2392 595 2473 Apollinari·
651 2387 801 2452 [itionum
817 2412 951 2474 eaquae
966 2390 1075 2478 p'opnlc

110 2413 169 2538 gu,
200 2477 280 2538 ludis
311 2484 391 2538 inter
421 2493 522 2537 actum
556 2475 597 2541 ed
652 2473 834 2557 placuillent
867 2495 1013 2559 repetere
1039 2475 1079 2543 iul

112 2582 183 2621 eum
201 2562 318 2623 versum
342 2559 466 2623 veniffet
481 2567 513 2622 in
530 2580 595 2642 quo
653 2582 733 2628 rum.
792 2562 842 2620 Sic
863 2562 975 2626 Cicero
999 2568 1079 2625 inm

111 2643 190 2707 haec
222 2645 369 2711 sententie
405 2651 596 2708 continetur:
653 2665 713 2727 pro
747 2645 852 2707 Sextio
879 2669 905 2708 c.
935 2658 986 2722 58.
1019 2650 1079 2711 dictu

111 2733 230 2808 miseria
262 2734 360 2808 nostra
389 2752 513 2810 maguus
545 2731 596 2805 eft,
654 2729 784 2813 aliquod
801 2735 834 2791 in
848 2732 945 2793 Bruto
964 2731 1079 2818 tragoed

111 2818 233 2877 directis
256 2820 287 2878 in
316 2818 499 2898 Pompeium
527 2817 598 2875 Ma·
654 2815 742 2894 quod
755 2818 787 2877 itt
801 2814 928 2877 laudum
941 2815 1023 2878 suem
1036 2829 1079 2879 vm

112 2923 207 2985 gnum
217 2900 357 2962 manibus
370 2904 597 2982 pronuntiavit:
655 2897 755 2969 betur,
772 2915 867 2978 quum
884 2902 1079 2985 tragoedutpt

112 3001 339 3064 reuocatusque
376 2987 540 3067 aliquoties
578 3004 597 3046 a
652 2980 1079 3058 nuntiaffet‚millieerevccttt

112 3070 256 3151 populo,
274 3067 336 3130 fine
350 3068 596 3131 ulle'cunctetio·
654 3064 715 3129 effe
730 3068 811 3129 dicit.

112 3170 171 3225 ne,
193 3158 306 3214 nimiae
327 3154 413 3214 illum
435 3171 465 3215 et
484 3153 596 3214 intole·
696 3153 838 3241 culidem]
878 3152 1005 3216 sortaffe
1027 3158 1079 3217 Cict

112 3238 217 3300 rabilis
232 3244 392 3318 potentine
406 3260 493 3299 reum
511 3234 597 3321 gestu
655 3235 782 3316 scripsit:
799 3239 903 3299 Idem:
926 3236 1079 3301 Virtutem«

112 3323 319 3406 perseveranti
353 3331 424 3407 egit.
479 3325 598 3385 Eadem
653 3324 735 3382 Nem
758 3326 789 3383 in
802 3323 857 3382 iilo
878 3322 1027 3388 verficulc
1049 3331 1079 3387 Vt

113 3408 286 3499 petulentia
318 3407 386 3468 usus
420 3405 462 3469 css
494 3412 526 3468 in
562 3426 599 3467 ee
656 3410 718 3466 rius
753 3427 883 3488 quoque
910 3410 995 3471 Max.
1019 3435 1079 3472 eam

114 3513 245 3576 quoque
290 3508 395 3571 perte:
449 3490 600 3557 Virtutem
657 3494 781 3554 omittit.
818 3493 964 3555 Munatio
979 3494 1079 3577 placei

114 3581 200 3657 istam
235 3579 333 3637 veniet
370 3589 483 3656 tempus
514 3598 601 3657 quum
656 3578 763 3633 millies
781 3579 956 3654 coaetusest
972 3584 1073 3643 dicere

114 3666 252 3746 grauiter
265 3665 393 3743 gemes.”
656 3664 733 3719 clem.
795 3657 941 3720 Virtutem
971 3652 1048 3728 otest

157 3749 256 3825 nostra
288 3745 427 3836 miseria]
477 3748 600 3827 Popmtt
656 3743 1079 3849 cademhicedmodumsrig

114 3838 239 3895 coniicit
269 3831 338 3893 istos
372 3826 536 3892 veifimlos
567 3835 600 3890 itt
697 3835 787 3890 totius
831 3835 942 3892 theatri
982 3839 1079 3901 clamo

114 3915 260 3978 stafialtts
295 3917 344 3978 vel
367 3913 520 3993 Tropbeo
547 3915 600 3975 At·
656 3915 831 3995 plaudentis
851 3915 1011 3981 scilicetet
1030 3945 1079 4011 ep]

113 4007 150 4062 tii
179 3999 282 4072 imile,
327 4022 364 4062 ex
392 4020 454 4081 quo
481 4002 599 4061 Novius
656 3999 814 4063 bationem
830 3998 1038 4082 fignificentis.

114 4082 197 4149 hunc
221 4082 339 4149 verium
370 4085 508 4148 eiusdem
535 4081 602 4147 scu·
699 4086 722 4149 ii
739 4084 857 4172 uersus]
892 4106 1013 4173 nempe
1038 4112 1079 4181 qu
