2506 4808
143 333 209 409 298
414 314 698 385 ums‘ronn
753 315 906 387 extu.

147 506 356 573 deseruerint
368 528 441 580 me,
460 512 584 593 partim
598 512 700 571 etiam
714 506 954 595 prodiderint3
976 513 1039 592 qui
1060 514 1096 575 in
1112 532 1175 577 meo

146 609 261 674 reditu
273 606 407 672 fortasse
420 605 713 695 reprehensionem
726 607 772 673 sui
783 608 917 675 sceleris
926 610 1168 697 pertimescant.

148 708 222 777 Sed
241 708 300 773 ista
320 708 428 792 qualia
448 706 525 783 sint,
548 721 585 773 tu
604 708 707 775 uelim
726 709 931 799 perspicias,
953 708 1107 797 mihique
1123 712 1168 779 de·

136 811 269 878 clares.
311 812 386 901 Ego
407 825 541 886 tamen,
568 810 728 896 quamdiu
747 814 810 877 tibi
832 832 921 899 opus
946 816 1034 885 erit,
1054 810 1075 875 si
1098 812 1164 899 quii

146 913 294 1005 periculi
317 912 528 977 subeundum
549 912 695 987 videbis,
729 918 849 979 vivam.
890 912 1036 979 Diutius
1061 920 1095 979 in
1112 912 1160 979 lue

138 1020 216 1081 ¹vite
230 1013 295 1079 esse
315 1035 384 1078 non
403 1013 545 1103 possum.
589 1010 708 1097 Neque
723 1020 815 1078 enim
835 1027 970 1106 tanturn
984 1014 1157 1081 viriumha
1185 1100 1187 1110 Α

145 1114 292 1183 betulia
313 1127 370 1181 aut
388 1116 585 1205 prudentia,
606 1130 663 1179 aut
685 1115 854 1190 doctrina,
876 1130 916 1181 ut
935 1130 1071 1183 tantum
1084 1118 1155 1185 dole
1183 1172 1187 1197 ,

141 1240 217 1284 rem
232 1215 328 1304 possit
342 1214 510 1281 sustinere.
553 1214 634 1281 Scio
649 1214 742 1281 luisse
758 1231 793 1282 et
806 1217 983 1285 honestius
1004 1220 1149 1287 moriendi

140 1332 279 1406 tempus
302 1330 336 1383 et
357 1317 490 1400 utilius;
532 1314 680 1382 sednon
709 1316 776 1385 hoc
806 1318 932 1396 solum,
978 1322 1083 1396 multa
1102 1322 1147 1387 alit
1179 1355 1187 1417 ί

140 1416 362 1509 praetermisi:
386 1416 504 1503 quaesi
521 1424 615 1502 queri
630 1418 732 1485 velim
746 1414 947 1508 praeterita,
964 1421 1052 1489 nihil
1064 1444 1148 1513 agan.

141 1519 202 1588 nisi
237 1534 276 1585 ut
302 1542 441 1608 augeam
470 1517 623 1583 dolorem
650 1532 768 1596 ῒιιιιιη,ι
815 1522 965 1590 indicem
1000 1524 1147 1593 [uiuum

140 1642 263 1687 meam.
328 1621 416 1687 Illud
438 1620 574 1705 quidem
595 1640 660 1685 nec
686 1620 975 1701 faciendumst,
1017 1652 1080 1695 nec
1096 1628 1187 1703 siuqu

141 1722 272 1813 potest,
292 1746 347 1787 me
362 1724 510 1796 diutius,
534 1742 633 1804 quarn
646 1735 703 1786 aut
717 1735 814 1787 tumn
829 1738 987 1817 tempuS,
1007 1744 1064 1797 aut
1076 1728 1146 1797 linui
1175 1712 1187 1721 ⁸

140 1824 216 1913 spes
231 1823 431 1912 postulabit,
450 1829 486 1888 in
500 1835 571 1888 tam
584 1822 719 1897 misere,
740 1837 877 1911 tamque
891 1836 986 1917 turpi
999 1838 1067 1900 vita
1077 1840 1152 1899 cous

140 1931 285 1993 morari:
308 1936 364 1999 ut,
387 1931 445 2008 qui
458 1924 561 1989 modo
575 1925 682 1991 fratre
695 1925 836 2001 fuerim,
855 1928 998 2009 liberis,
1015 1942 1145 2023 coniuge,

142 2035 270 2118 copiis,
302 2046 425 2114 genere
445 2024 514 2112 ipso
536 2032 698 2115 pecuniae
729 2030 958 2119 beatiffimus5
992 2037 1144 2127 <lignium

137 2133 363 2201 auctoritate,
385 2123 646 2201 existimatione,
668 2135 776 2216 gratia
793 2152 865 2196 non
885 2136 1050 2215 inferior,
1069 2160 1142 2225 quau

140 2239 199 2317 qui
222 2250 380 2313 umquam
404 2228 545 2293 fuerunt
566 2227 807 2316 amplissimi3
796 2252 826 2297 rs
848 2256 940 2301 nunc
960 2246 1000 2305 in
1019 2238 1141 2315 hacun
1171 2255 1187 2313 Ι

139 2331 283 2406 afflicta,
303 2330 504 2419 perditaque
526 2330 679 2405 fortuna,
705 2352 816 2416 neque
837 2356 911 2411 me,
939 2360 1053 2426 neque
1071 2356 1142 2461 ment
1169 2343 1173 2425 J

137 2434 255 2524 lugere
270 2434 397 2497 diutius
413 2428 540 2518 posfim
1064 2464 1067 2471 ·

106 2541 129 2608 3
220 2534 333 2626 Quare
347 2534 428 2617 quid
445 2533 486 2595 ad
504 2554 558 2597 me
573 2532 724 2623 scripsisti
742 2535 784 2600 de
798 2542 1072 2624 permutatione?
1088 2564 1107 2627 q

136 2636 261 2705 livero
283 2657 375 2701 nunc
398 2656 453 2698 me
472 2658 542 2699 non
563 2647 640 2699 tuae
662 2636 840 2703 facultates
858 2636 1049 2708 sustineant.
1089 2642 1151 2735 Qu

135 2745 224 2806 inre
244 2735 316 2825 ipsa
328 2736 429 2802 video
451 2735 565 2811 miser,
583 2748 617 2801 et
631 2735 757 2810 lentie,
780 2739 860 2820 quid
876 2738 1013 2809 sceleris
1033 2742 1144 2809 admisu*
1168 2754 1171 2765 ‘

133 2848 215 2916 rim,
234 2861 339 2923 quum
355 2838 398 2902 de
415 2837 595 2905 uisceribus
609 2841 698 2911 tuis,
723 2852 756 2902 et
770 2836 830 2904 filii
851 2846 911 2915 tui,
932 2834 1142 2911 satisfactum
1171 2876 1187 2911 r

133 2941 198 3017 fis,
242 2943 365 3023 quibus
392 2938 514 3003 debes:
559 2962 624 3028 ego
651 2950 823 3025 acceptam
843 2946 891 3003 'ex
914 2951 1044 3010 aerario
1067 2958 1144 3035 peut
1169 2944 1175 3041 ιλ

176 3133 206 3172 2.
216 3115 319 3189 copiis,
333 3134 443 3192 genere
460 3115 520 3187 ipso
535 3136 621 3191 pecu·
678 3117 708 3174 ei
735 3134 752 3173 a
781 3115 850 3175 viris
879 3112 972 3177 bonis
998 3128 1143 3189 veneten,
1172 3132 1175 3141 '

132 3186 222 3281 niae]
271 3201 432 3260 Manutius
467 3200 634 3272 malebat,
677 3196 906 3260 benivolentiae
932 3200 1025 3265 causa
1051 3217 1082 3265 et
1103 3200 1145 3263 lu·

130 3304 242 3360 genero
266 3286 343 3360 ipso,
364 3286 506 3359 pecunia,
530 3301 565 3345 ut
579 3285 621 3343 ad
676 3288 771 3346 norit.
817 3278 944 3362 Ernesti.
1175 3306 1177 3311 ’

129 3367 274 3428 Pisonem
313 3374 492 3449 pertineret.
557 3369 620 3430 Sed
716 3383 747 3442 3.
772 3372 809 3426 de
835 3369 1079 3455 pertractatione]
1109 3384 1157 3443 te,

130 3451 219 3513 locut
241 3453 328 3514 verbi
350 3452 393 3514 est
414 3454 452 3513 ab
477 3474 515 3512 ea
544 3470 620 3514 con·
677 3472 773 3532 quum
787 3456 827 3515 ad
843 3454 955 3515 urbem
971 3458 1146 3536 perventum
1175 3451 1177 3455 ’

128 3540 247 3598 iectura
294 3539 420 3599 alienus.
491 3535 619 3597 Dixisset
674 3543 866 3617 pecuniam,
887 3538 1182 3685 fipermutatiout'

130 3626 265 3700 coniuge,
283 3646 402 3703 genere,
412 3626 513 3699 copiis.
535 3622 618 3682 Tum
673 3621 913 3702 sumptumst
940 3645 1005 3687 eo
1035 3626 1146 3695 vellem·
1185 3668 1187 3673 ,

126 3712 252 3785 pecunie
280 3711 427 3791 frigeret,
470 3726 552 3791 quae
585 3712 618 3769 in
674 3726 863 3770 curaturum.
955 3722 1039 3772 anui.
1140 3770 1145 3783 ,
1186 3718 1187 3757 t

126 3799 226 3871 copiis
269 3794 459 3879 intelligitur.
508 3814 618 3870 genere
713 3804 865 3895 acceppanz
890 3828 924 3844 -
952 3806 1005 3855 tue
1028 3788 1149 3877 nemine]

126 3880 198 3955 ipso
214 3883 355 3956 pecuniae
391 3880 482 3949 dicit,
526 3878 616 3959 quod
673 3898 755 3957 quae
780 3883 809 3939 ei
827 3901 863 3939 ex
886 3886 1011 3943 aerario
1030 3882 1152 3955 debeltt·

125 3969 233 4044 copias
293 3984 360 4026 non
414 3920 501 4023 malit
544 3968 615 4023 arti
671 3976 739 4033 tur,
778 3979 814 4024 nt
834 3968 979 4043 praetori
1000 3946 1153 4031 Asiuetst·

124 4045 182 4109 bue
207 4065 421 4129 compererat,
448 4047 502 4106 sed
519 4045 615 4128 parsi·
671 4063 787 4109 cretea
807 4047 924 4111 senatu.
973 4046 1154 4133 Ernesti.
1142 4081 1148 4093 ·

123 4138 231 4195 monia
239 4150 272 4196 et
284 4132 518 4205 hereditatibus,
530 4150 614 4215 quae
