2506 4808
341 304 629 376 EPISTOLA
679 310 839 380 CXIII.
1040 330 1103 393 105

71 497 122 563 Μ.
159 493 207 561 Τ.
246 493 449 561 CICERO
491 493 831 663 P08LgNTULO
866 496 1101 570 Paucos,

175 750 258 840 Legi
281 763 356 815 tuas
378 744 516 822 literas,
536 748 659 833 quibus
677 748 718 817 ad
740 773 794 815 me
811 748 944 830 scribis,
967 768 1101 844 gratum

71 857 131 919 ribi
157 850 241 925 esse,
263 846 353 935 quod
375 846 496 925 crebro
515 855 639 914 certior
662 874 723 939 per
740 874 794 915 me
810 846 868 917 fias
885 852 927 918 de
940 858 1099 927 omnibur

71 958 191 1028 rebar,
219 967 251 1017 et
275 972 384 1013 meam
406 970 488 1039 erga
508 962 542 1014 te
574 950 835 1019 benivolentiam
858 952 954 1023 facile
978 958 1101 1051 perspi·

71 1064 158 1123 cias:
182 1075 325 1139 quorum
344 1048 485 1115 alterum
509 1048 608 1126 mihi,
631 1066 668 1117 ut
690 1064 724 1117 te
741 1052 925 1142 plurimum
942 1054 1101 1149 diligam,

71 1158 183 1227 facere
206 1152 335 1219 necesse
352 1148 415 1226 est,
438 1148 458 1213 s1
475 1148 550 1216 volo
567 1150 688 1231 icelle,
713 1176 812 1240 quem
835 1168 873 1221 tu
887 1180 942 1225 me
965 1159 1028 1225 esse
1045 1166 1100 1229 voss

70 1258 175 1325 luisti:
198 1256 342 1321 alterum
364 1254 452 1319 facio
473 1252 638 1331 libenter,
660 1268 716 1328 ut,
737 1262 895 1343 quoniam
920 1260 1099 1331 intervallo

70 1360 245 1433 locorum,
286 1372 320 1423 et
340 1371 407 1425 tem
435 1379 534 1422 orum
558 1356 720 1423 disiuncti
744 1352 874 1433 sumne,
903 1382 965 1449 per
983 1360 1097 1433 literas

69 1475 183 1527 tecum
201 1482 298 1544 quam
315 1380 491 1547 taepdlnne
510 1458 692 1544 colloquar.
736 1454 881 1549 Quotltfi
898 1466 1005 1528 rarius
1023 1460 1099 1543 fiet',

69 1583 169 1647 quam
191 1574 229 1628 tu
249 1554 476 1650 exspectabis,
504 1560 549 1647 id¹
565 1564 630 1627 erit
652 1556 786 1634 causae,
819 1560 907 1647 quod
930 1586 1000 1629 non
1021 1572 1094 1635 eius

68 1668 203 1751 generis
220 1683 312 1726 meae
328 1660 445 1725 literae
460 1658 551 1737 sunt,
573 1675 608 1727 ut
624 1682 680 1728 eas
698 1663 837 1729 audeam
860 1676 990 1731 temere
1007 1662 1097 1735 comss

67 1768 215 1829 mittere.
258 1762 403 1855 Quoties
432 1762 514 1829 mihi
546 1776 717 1828 certorum
748 1760 923 1829 hominum
946 1766 1095 1857 potestas

69 1870 152 1939 erit,
173 1866 292 1948 quibus
318 1878 410 1931 recte
428 1862 522 1939 dem,
547 1887 616 1929 non
635 1868 911 1953 praetermittam.
1077 1870 1083 1883 '

173 1968 274 2059 Quod
296 1968 378 2033 scire
394 1973 463 2041 vis,
485 1988 548 2051 qua
564 1970 705 2051 quisque
722 1972 756 2030 in
779 1980 813 2031 te
830 1964 894 2031 ide
914 1964 970 2041 sit,
991 1980 1026 2033 et
1041 1992 1127 2037 voa

68 2067 215 2141 luntate:
248 2066 386 2137 difficile
409 2070 503 2134 dictu
523 2065 570 2131 est
590 2066 633 2131 de
663 2064 807 2155 lingulis.
872 2066 989 2133 Unum
1013 2066 1097 2138 illud

68 2170 193 2245 audeo,
217 2171 308 2255 qnod
322 2184 418 2235 antea
434 2170 496 2263 lili
514 2165 606 2255 saepe
625 2162 818 2257 srgnisrcavi,
844 2192 933 2235 nnnc
950 2193 1097 2259 quoque,

68 2293 105 2347 re
126 2270 320 2359 perspecta,
339 2285 374 2338 et
397 2276 554 2359 cognita,
575 2264 734 2359 scribereg
755 2268 976 2367 vehementer
998 2294 1097 2358 quos·

71 2372 147 2436 dam
172 2370 345 2448 hunniam,
367 2385 401 2437 et
419 2392 478 2435 ons
503 2375 668 2446 maxime,
690 2378 747 2456 qui
772 2386 805 2439 te
829 2386 863 2438 et
879 2377 1023 2441 maxime
1039 2374 1095 2440 dc·

70 2476 232 2547 buerunt,
252 2487 287 2538 et
302 2474 492 2562 plurimum
514 2476 629 2536 iuvare
648 2487 852 2561 potuerunt,
872 2473 1024 2541 invidisse
1047 2478 1096 2543 dt,

68 2581 187 2667 gnitati
208 2589 301 2643 tuae:
320 2574 583 2655 simillimamque
607 2579 642 2639 in
663 2598 701 2641 re
715 2573 876 2649 dissrmili‚
897 2582 947 2641 tui
969 2590 1096 2671 tempo·

67 2680 115 2741 ris
133 2686 244 2751 nunc,
266 2689 299 2742 et
315 2672 420 2741 nostri
437 2674 605 2761 quondam
621 2674 713 2743 fuisse
727 2668 910 2758 rationem3
934 2688 985 2753 ut,
1007 2700 1094 2768 quoa

68 2768 107 2843 'tu
125 2783 177 2843 rei
199 2778 350 2866 publicae
367 2776 460 2843 causa
480 2772 638 2855 laeseras,
658 2774 768 2867 palam
791 2790 826 2844 te
844 2796 1096 2869 oppugnarent:

67 2902 211 2963 quorum
227 2878 725 2965 auctoritatem,=‹lignitatem,
748 2879 1021 2967 voluntatemque
1040 2885 1097 2951 de·

67 2982 246 3053 sanderus,
289 3003 358 3044 nnn
395 2994 462 3043 tam
480 3000 666 3045 memores
701 2980 805 3047 essent
833 2987 969 3049 virtutis
1000 2996 1097 3062 tuae',

69 3103 166 3165 quam
188 3080 297 3147 laudis·
323 3086 461 3149 inimici.
506 3080 583 3170 Quo
603 3074 743 3167 'quidem
766 3092 940 3172 tempore,
960 3094 999 3148 ut
1022 3100 1099 3175 per-

61 3180 177 3270 'seripsr
204 3182 245 3245 ad
268 3194 301 3245 te
324 3194 436 3257 antea,
468 3186 611 3271 cognovi
639 3166 855 3249 Hortensrum
875 3184 1097 3285 percupidum

67 3289 137 3358 tui,
166 3280 347 3349 studiosum
369 3280 562 3349 Lucullum:
593 3306 636 3357 ex
653 3284 900 3373 magistratibus
925 3299 1036 3353 autem
1055 3286 1096 3353 L.

68 3383 236 3451 Racilium
252 3398 287 3449 et
303 3381 386 3458 fide,
407 3398 442 3450 et
457 3390 569 3451 auimo
581 3389 617 3447 iu
631 3398 666 3449 te
681 3382 845 3473 singulari·
886 3385 976 3455 Nam
987 3388 1100 3457 nostra

108 3655 289 3735 ancxia.
319 3675 348 3717 α.
362 3658 555 3715 etensmaxt
605 3653 717 3716 dixisse
738 3654 902 3719 uidemur.
944 3661 1020 3723 Non
1045 3683 1100 3723 au.

65 3742 135 3827 me]
153 3743 303 3801 Graevius
311 3745 445 3799 maximo
458 3740 555 3801 deleri
611 3756 673 3802 rom
693 3740 848 3821 displicet
872 3742 924 3803 illa
950 3752 1100 3825 repetitio

65 3829 147 3898 vult,
173 3821 556 3909 qutastatimirarumest.
611 3844 695 3908 quae
726 3840 759 3887 et
793 3826 912 3904 aliquid
942 3828 1102 3895 efficaciae

65 3914 129 3973 sed
150 3923 181 3969 et
203 3929 253 3969 eor
276 3915 366 3971 nimir
387 3910 554 3985 abruptum
597 3909 716 3971 habet.
758 3906 884 3986 Ernesti.

52 4014 99 4057 -οι
114 3999 365 4065 ieiunumtoret,
389 3990 554 4053 fiatietfic
597 4036 601 4045 .
658 3992 697 4055 La
714 3991 884 4079 Rncitirun]
925 3995 989 4061 hoc
1014 4018 1100 4066 mo

66 4103 85 4142 ι
109 4085 263 4144 Cicerone
294 4092 324 4141 et
355 4100 406 4138 cns
433 4082 556 4163 quidm
610 4080 893 4164 tabanumptobn.
