2506 4808
133 309 198 384 198
388 291 672 362 nersTonA
711 292 897 363 xxxv:
959 254 971 269 “

108 513 142 556 2·
193 488 197 496 ’
222 479 374 558 Etenim,
403 480 565 568 quantum
588 489 784 551 coniectura
802 501 1025 572 auguramur,
1051 505 1053 514 ⁴

137 585 264 649 nebulo
285 583 346 648 iste
370 607 446 650 curn
467 583 521 650 his
541 584 688 678 dynastis
713 590 891 672 ingratia,
911 606 983 648 non
996 605 1053 647 mo

138 690 257 776 cynico
278 685 467 758 consulari,
503 687 558 752 sed
580 709 625 752 ne
649 688 690 750 de
710 686 782 751 istis
807 685 945 769 quidem
964 682 1053 772 pisci]

138 783 345 851 -Tritonibus
370 793 499 874 poterit
526 788 558 853 se
582 795 717 852 iactare.
760 786 841 850 Non
864 791 956 849 enim
978 798 1053 872 pote

137 887 205 954 ulla
226 886 290 952 eise
313 890 350 950 iu
370 888 512 963 invidia,
543 888 671 976 spoliati
691 889 833 974 opibus,
870 899 905 950 et
926 883 985 949 illa
1007 882 1053 948 ser

138 995 301 1076 potentia.
346 985 410 1053 Sin
434 1002 547 1053 autern
569 992 609 1053 ab
624 987 677 1053 his
699 987 886 1061 dissentiet,
907 992 973 1051 erit
989 986 1053 1052 absi

139 1095 176 1155 in
192 1111 256 1153 nos
272 1086 397 1154 invehi.
443 1090 688 1154 Verumtamen
701 1085 891 1152 invehatur.

109 1199 156 1267 3¹,
224 1188 374 1263 Festive,
394 1187 477 1253 mihi
497 1190 614 1263 crede,
636 1202 670 1253 et
682 1194 813 1253 minore
834 1187 964 1263 sonitu,
989 1212 1053 1276 que

139 1300 262 1361 taram,
292 1293 386 1354 orbis
411 1288 466 1354 hic
491 1296 529 1356 in
549 1289 735 1378 republica
757 1288 804 1354 est
826 1289 1044 1355 conversn'sz·

140 1394 301 1467 omnino,
331 1411 431 1477 quam
451 1397 620 1481 oportuit,
655 1390 753 1480 culpa
770 1391 931 1468 Catonis,
968 1390 1028 1458 sed

519 1659 787 1677 ——o--fl

139 1867 626 1955 loudumPompeiiretroctatio·
680 1887 748 1930 uon
771 1865 888 1942 minue,
923 1879 1053 1955 quemi

140 1976 232 2031 nem,
254 1956 307 2018 sed
326 1955 466 2015 utndiie
484 1953 625 2036 ipsrsfal·
681 1954 812 2014 mordax
835 1953 908 2016 effet
939 1959 1053 2020 dicterii

141 2039 233 2100 finatis
248 2044 490 2102 convinceretur.
522 2041 624 2100 Immo
681 2059 739 2096 nou
747 2044 936 2112 ·modo‚·i1'rt.
953 2066 1012 2103 non
1028 2065 1053 2104 o]

142 2127 253 2185 Cicero
276 2129 322 2184 ein
338 2123 379 2183 se·
395 2127 427 2184 iu
449 2125 625 2195 αἰνεκόότοις,
680 2128 756 2268 puin
777 2123 913 2204 sequitur
931 2150 974 2187 ne·
990 2132 1053 2213 quic

141 2230 232 2290 qnae·
260 2216 322 2270 iem
359 2209 508 2289 parabor,
557 2211 624 2270 illm
694 2228 783 2288 eope.
828 2205 957 2288 Ernesti.

139 2293 252 2354 leudes
268 2308 515 2357 retrectatumm.
548 2297 625 2354 divi·
721 2295 898 2370 piscinarum
971 2291 1053 2356 Trito

140 2377 287 2441 namcst
318 2382 544 2452 admirabilem,
588 2393 627 2441 ut
681 2377 836 2452 Lucullo,
870 2381 1053 2444 nonense

139 2462 242 2546 saepe.
681 2483 762 2542 quoe
777 2463 866 2544 supro
877 2485 927 2544 ep.
942 2477 992 2546 24,
1003 2471 1031 2530 6.
1046 2489 1053 2543 1

143 2576 147 2581 ·
183 2570 212 2610 2.
230 2548 333 2609 nebulo
349 2550 415 2633 iste]
439 2552 472 2610 P.
484 2549 625 2610 Clodius.
681 2549 743 2605 rios
766 2565 941 2610 vocaverat.

177 2656 248 2692 ‘cum
278 2639 322 2693 his
352 2634 502 2718 dynastis]
543 2636 627 2694 Cum
723 2647 752 2705 3.
767 2635 882 2693 minore
897 2636 1023 2719 souitu]
1050 2637 1053 2695 J

140 2718 280 2788 Cneierc,
292 2720 445 2799 Pompeio
462 2716 624 2798 etCrass03
679 2715 841 2778 locutione
863 2725 958 2779 utitur
981 2723 1053 2780 inire

140 2803 464 2886 quiornniapoffunt.
533 2834 536 2840 ¹
682 2810 733 2879 47.
799 2799 944 2880 Equidem
996 2807 1053 2880 spe

182 2894 220 2947 dc
237 2887 347 2966 Cynico
370 2888 535 2971 consulari]
551 2886 627 2948 Nul-
684 2899 716 2943 ut
737 2889 827 2964 saepe
849 2893 939 2947 etiam
967 2893 1052 2971 loqui

139 2973 359 3054 lem·,·inquit‚
388 2994 455 3035 non
473 2974 572 3033 modo
594 2978 626 3032 in
674 2973 822 3047 solebam,
837 2976 1053 3048 sicorbemre

140 3079 201 3127 me,
224 3057 276 3118 sed
291 3078 332 3117 ne
343 3057 544 3118 inLucullum
558 3062 627 3138 qui·
682 3061 867 3132 conversum,
907 3071 938 3117 ut
961 3064 1013 3119 vix
1037 3068 1053 3134 j

141 3143 228 3214 dem,
258 3158 311 3201 eut
330 3140 545 3213 Hortenfium,
569 3163 626 3221 po·
682 3145 802 3213 uredine,
822 3146 875 3201 vix
898 3147 1053 3220 impreffan

140 3232 211 3286 terit
227 3228 357 3288 Clodius
387 3229 529 3287 invidiam
552 3247 627 3287 con·
681 3238 744 3282 tam
759 3233 860 3287 videre
876 3231 1029 3305 possimus.
1042 3265 1053 3276 ·

141 3316 245 3371 citare.
309 3312 389 3370 Nom
440 3314 624 3390 Pompeius,
674 3313 746 3386 sius.

141 3395 270 3469 Caesar,
318 3413 348 3456 et
377 3394 496 3456 Crassus
528 3417 625 3476 quum
724 3417 816 3476 qnam
839 3398 993 3479 oportuit]
1036 3403 1053 3459 S

70 3524 74 3531 ‚
140 3487 245 3542 omnia
287 3496 429 3556 teneone,
474 3483 528 3560 qui
559 3481 625 3539 fieri
680 3481 849 3562 Longolii‚
899 3492 987 3562 quod
1027 3486 1052 3544 E

139 3563 252 3644 potest,
273 3565 625 3625 ntullanosininvidin
681 3581 810 3625 auctore
846 3572 953 3646 recepi
992 3589 1052 3647 pro

130 3648 246 3722 fimus,
281 3648 401 3728 spoliati
424 3650 555 3729 opibus,
593 3665 625 3709 et
681 3653 889 3727 qttampotuit.
934 3654 1053 3713 Praeter

138 3734 191 3794 ille
210 3734 362 3794 senatoria
383 3735 547 3814 potentie?
566 3737 624 3794 ita·
681 3736 753 3794 dem
777 3751 906 3796 auctore
936 3737 1053 3798 delevin

140 3840 220 3900 que,
242 3818 332 3897 quod
345 3837 451 3879 contro
469 3839 527 3878 nos
541 3834 624 3900 eget,
683 3835 754 3880 ente
779 3819 880 3898 culpa.

138 3899 624 3965 ClodiuenonhebebitManut.
727 3901 870 3986 Catonis]
918 3905 982 3985 Qui
1004 3928 1053 3988 οφ

139 3989 269 4048 Clodius
280 3991 464 4049 Ciceronem
483 3992 625 4071 cynicum
681 3987 787 4048 senatu
802 3989 945 4049 alienavit
959 3996 993 4050 in
1007 4015 1053 4052 cer

138 4071 331 4134 consulerem
339 4073 529 4155 appellabat,
536 4073 626 4155 quod
682 4072 875 4136 blicnuorum
890 4094 940 4156 ep.
955 4089 1046 4152 κω.
