2506 4808
243 299 528 375 artsroun
568 258 727 379 xxm.
934 324 1002 405 u,

86 516 171 569 rum,
196 496 270 578 qui,
292 502 396 577 quu'm
412 500 576 583 pecuniae
598 495 780 584 cupiditate
796 494 933 563 adducti
947 517 1003 565 ca«

98 597 150 664 his
170 597 473 669 rebusomnibus,
514 597 673 678 aquibus
704 616 768 661 nos
791 595 907 662 divulsi
930 596 1002 665 else

86 700 254 789 tollamne,
280 709 396 761 tamen
420 710 473 770 te,
502 696 649 761 alienum
662 696 863 787 hominem,
882 713 999 766 ament

86 790 164 877 imo,
184 813 231 867 ac'
246 815 316 866 non
340 798 387 865 [ui
405 798 578 863 commodi
596 799 691 865 cansa
712 796 889 864 fimulcut?
912 798 999 865 mihi
1014 838 1032 865 ‚‚

86 922 347 991 npermagnum
368 898 518 981 videtur3
543 898 741 989 praesertim
764 899 786 964 fi
806 902 911 967 iidem
935 899 1002 967 ho-.

88 1010 266 1094 privatum
289 1024 359 1067 nou
379 1001 453 1067 fere
475 1010 695 1084 quemquam,
716 1013 893 1090 praetores
916 1001 1001 1068 lem·

86 1125 171 1172 unes
193 1117 317 1169 amant.
360 1102 439 1192 Quo
467 1122 511 1166 ex
528 1102 699 1190 generezii
722 1125 824 1188 quem
838 1104 929 1170 forte
944 1110 1000 1174 tui

86 1207 118 1272 'ti
143 1213 367 1273 amantiorem
396 1201 490 1286 (fieri
513 1208 602 1267 enim
623 1209 759 1291 potuit)
788 1226 889 1290 quam
904 1221 999 1272 tem-

112 1306 208 1374 hunc
231 1331 314 1374 vero
335 1305 376 1370 ad
398 1319 539 1370 tuorum
560 1326 743 1370 numerum
768 1305 923 1373 libenter.
940 1307 999 1373 ad·

86 1434 109 1476 ›.
156 1408 221 1476 Sin
247 1408 417 1475 autemid
441 1430 512 1473 non
533 1406 733 1495 perspicies,
761 1400 899 1475 ¹rudium
928 1415 997 1475 erit

99 1516 141 1576 in
167 1511 395 1577 familiaritate
422 1508 609 1576 cavendum
638 1515 765 1598 magis:
810 1525 998 1599 propterea

87 1625 102 1677 t
120 1635 244 1679 omnes
262 1619 333 1681 vias
356 1615 520 1701 pecuniae
540 1620 688 1683 norunt,
710 1622 745 1675 et
766 1618 879 1678 omnia
894 1635 996 1700 pecu·
1086 1686 1093 1697 x

87 1713 157 1780 mla
177 1716 326 1788 faciunt,
351 1724 404 1786 et,
427 1716 564 1795 quicum
578 1716 702 1777 victuri
714 1735 785 1778 non
805 1711 896 1786 lunt,
919 1720 993 1779 eius

87 1821 205 1881 rationi
233 1813 408 1880 consulere
427 1835 499 1877 non
520 1823 652 1876 curant.
695 1811 814 1895 Atque
829 1819 946 1884 ,etiam
974 1835 995 1880 e

87 1938 104 1982 s
128 1914 206 2004 ipsis
228 1911 604 2005 diligentercavendae
629 1911 706 1977 lunt
732 1913 995 1989 familiaritates,

87 2014 300 2083 :hominum
329 2035 593 2106 perpaucorum,
635 2009 656 2077 fi
687 2018 745 2096 qui
772 2012 849 2079 suut
876 2027 995 2081 vetere

87 2142 104 2184 a
133 2117 241 2206 digni.
298 2117 398 2183 Nunc
430 2134 511 2183 vero
548 2113 683 2180 fallaces
713 2113 789 2180 lunt
813 2116 1003 2202 permulti,¹

87 2241 138 2294 eo,
161 2233 196 2283 et
221 2219 382 2285 diuturna
401 2217 561 2282 servitute
584 2215 626 2278 ad
647 2221 785 2287 nimiam
807 2217 994 2285 allentatio-

87 2320 203 2386 ruditi.
248 2318 344 2409 Quos
371 2341 435 2406 ego
465 2314 639 2382 universos
667 2313 822 2382 adhiberi
846 2317 1002 2387 liberali-1

87 2427 225 2508 >timum
247 2440 414 2505 quemque
437 2415 581 2502 hospitio
603 2421 815 2499 amicitiaque
831 2426 994 2508 coniungi

88 2534 248 2613 perteret
280 2525 403 2586 nimiae
432 2517 675 2584 familiaritates
707 2539 847 2592 eorum,
880 2540 994 2605 nequo

342 2772 612 2793 m

87 2961 141 3016 'bus
173 2976 225 3015 nos
254 2955 362 3033 divulsi
395 2954 450 3034 esse
505 2951 674 3016 delendum
693 2949 850 3018 allabens
870 2956 994 3022 monuit·

87 3041 225 3126 [summ]
261 3063 376 3123 nempe
401 3042 450 3102 lu·
505 3037 669 3117 Ernestius.
723 3037 725 3040 ¹

87 3136 114 3190 is
141 3130 289 3201 Romae,
334 3132 451 3188 amico·
551 3121 639 3182 Nunc
662 3124 755 3208 vero]
789 3125 835 3185 Ite
860 3123 994 3190 scriben-

87 3212 306 3281 oniuetudinc,
347 3212 451 3273 litera·
507 3207 683 3284 dumella,
709 3211 993 3291 quodiomEme·

88 3314 158 3359 ictu.
506 3294 596 3364 fiius,
631 3315 822 3376 quamquam
850 3297 994 3361 dubitan-

88 3376 271 3462 utemporis]
290 3376 320 3441 b.
336 3400 364 3442 e.
384 3402 452 3440 mu·
508 3396 556 3440 ter
569 3378 744 3459 proposuit,
765 3382 910 3459 equidem
926 3383 994 3444 nul-

88 3472 127 3540 ii,
153 3466 338 3547 quodcum
358 3471 452 3527 maxi·
506 3463 553 3524 lus
591 3464 711 3525 dubito.
740 3493 742 3497 ·
776 3467 993 3545 Opponuntur

88 3559 135 3626 is,
158 3571 255 3633 quum
274 3570 334 3630 pro
352 3567 451 3631 Jprae-
507 3553 589 3609 enim
609 3549 723 3609 Graeci
744 3553 798 3630 qui
822 3572 897 3610 nuizc
923 3551 994 3616 suut

88 3639 242 3698 rovinciac
266 3655 387 3713 praees.
506 3635 602 3692 veteri
625 3620 777 3694 Graeciae.
821 3637 994 3719 vulgatum

88 3744 180 3780 torum
203 3712 379 3802 numerum]
399 3722 451 3783 sic
497 3721 545 3796 sic
563 3739 633 3776 vero
647 3719 771 3799 prorsus
787 3723 938 3800 ineptum.

125 3828 143 3866 e
180 3798 263 3865 libro
291 3806 449 3888 Longol-ii.
520 3874 522 3879 Ι
547 3806 657 3886 nitelae
683 3801 916 3873 farniliart'tares
944 3827 993 3865 eo·

88 3897 206 3951 diuam
223 3910 386 3952 nurnerum.
506 3886 595 3970 rum]
658 3888 899 3972 Intelligendum
934 3886 1003 3965 esta,

88 3968 276 4058 ttiaritates]
343 3974 449 4058 Vulgo
506 3977 653 4052 cavendae
672 3977 754 4054 quod
771 4010 810 4021 -
837 3991 890 4034 aut
908 3974 995 4053 aliud

88 4056 169 4125 ‚titur
181 4060 348 4147 quaedam,
360 4063 451 4143 quod
505 4059 645 4126 ,eiusdem
661 4055 915 4149 ‘fignificatlotdq
