2506 4808
311 321 598 392 nnsroan
660 323 843 392 cxnrv.
1030 351 1094 422 202

10 544 25 585 n
60 517 118 579 bo·
162 508 230 575 Dic
246 509 329 574 mibi
345 533 481 584 verum,
501 532 584 573 num
601 524 727 575 autres
745 533 834 586 eum,
857 524 914 577 aut
926 509 1092 604 χαρακτῆρ’

46 637 130 690 Ιιιοῐι
149 608 321 676 delectat?
344 610 428 676 nihil
450 611 514 684 est,
536 612 625 694 quod
651 630 798 678 vereare.
840 615 914 702 Ego
935 621 1024 680 enim
1037 636 1094 687 me

10 750 25 791 2
57 714 129 801 pilo
144 714 282 796 quidem
296 719 408 778 minus
424 736 480 777 me
497 715 625 775 amabo.
669 711 743 776 Hac
760 714 804 777 de
826 736 864 779 re
882 709 1091 804 φιλαλήθως,

10 850 26 896 3
60 829 112 889 et,
135 826 173 878 ut
194 813 302 890 soles,
325 813 431 879 scribe
447 814 611 878 fraterne.

10 956 27 1117 f,
103 1008 387 1082 uersuum
423 1009 575 1079 extu.
612 1002 1046 1099 (anniv.v11.1o.>

10 1162 27 1205 ²⁵
230 1172 430 1240 Ser.,Romae
448 1171 552 1235 mense
566 1172 671 1234 Sextili
691 1173 728 1236 A.
741 1172 779 1234 U.
791 1174 826 1235 C.
841 1177 914 1257 699.

10 1264 27 1412 ἲ,
60 1324 160 1405 lucose
191 1329 330 1405 exagitat
360 1320 546 1401 Trebatium,
589 1337 622 1385 ut
654 1328 808 1385 meliorem
841 1327 1088 1403 iureconsultum
1114 1378 1117 1383 .

100 1451 193 1512 quam
215 1433 340 1489 militem
347 1450 361 1498 ;
383 1451 414 1490 a.
455 1431 562 1488 deiude
584 1431 691 1487 iterum
705 1428 740 1504 se
765 1450 832 1490 eum
862 1424 983 1510 Caesari
1008 1450 1088 1488 cum·

10 1524 13 1535 '
100 1532 247 1608 meudaffe
261 1533 306 1588 ait
313 1551 327 1600 ;
347 1533 499 1612 petitque,
523 1542 556 1589 ut
570 1532 640 1610 quid
648 1529 828 1612 profecerit,
850 1553 885 1589 uc
900 1534 937 1589 aie
944 1529 1089 1607 [totusue

10 1672 25 1720 ¹·
101 1644 131 1693 et
145 1635 271 1710 consiliis
282 1633 481 1708 sereniorem
488 1631 597 1702 faciat
619 1655 649 1696 2.

181 1812 232 1879 aa.
266 1811 486 1880 cronno„
507 1812 545 1881 s.
576 1813 621 1878 n
645 1755 960 1880 TREBATIO,

10 1988 19 2045 '.
136 1962 219 2053 Legi
240 1978 315 2029 tuas
337 1965 471 2030 literas:
496 1987 538 2029 ex
562 1968 681 2048 quibus
704 1963 877 2039 intellexi,
897 1976 932 2029 te
953 1961 1088 2032 Caesari

10 2085 23 2129 a
57 2064 171 2131 nostro
187 2065 283 2131 valde
297 2065 561 2132 iureconsultum
578 2069 697 2132 videri.
740 2064 798 2130 Est
817 2065 907 2148 quod
922 2065 1086 2154 gaudeam,

14 2162 22 2227 l
57 2181 92 2233 te
117 2173 152 2232 iu
179 2168 238 2232 ista
263 2167 340 2230 loca
366 2166 507 2242 venisse,
543 2171 601 2233 ubi
628 2167 753 2252 aliquid
780 2164 891 2252 sapere
915 2166 1084 2232 viderere.

10 2276 22 2333 'a
58 2267 160 2358 Quod
182 2266 203 2332 sa
222 2274 258 2332 in
280 2267 487 2332 Britanniam
510 2293 642 2354 quoque
659 2270 834 2359 profectus
858 2268 956 2334 elles:
970 2270 1087 2356 'profe-

58 2383 113 2434 cto
134 2391 237 2435 nenio
252 2375 295 2443 ¹,in
319 2369 376 2433 illa
395 2383 488 2435 tanta
509 2371 615 2444 insula
635 2371 778 2458 peritior
800 2383 833 2432 te
855 2370 978 2436 fuisset.
1021 2370 1086 2434 Ve-

56 2485 249 2536 rumtamen
270 2471 464 2554 (rideamus
485 2471 583 2537 licet:
619 2471 690 2536 sum
706 2478 795 2536 enirn
816 2485 883 2536 ate
898 2477 1086 2556 invitatus)

56 2573 252 2639 subinvideo
273 2573 363 2648 tibi,
392 2571 482 2636 ultro
506 2587 542 2638 te
564 2579 663 2638 etiam
687 2571 877 2639 arcessitum,
896 2577 936 2637 ab
957 2595 1016 2647 eo,
1042 2572 1088 2635 ad
1199 2619 1201 2623 -

10 2706 18 2745 ι
57 2697 158 2759 quem
174 2678 297 2748 ceteri,
312 2695 383 2736 non
398 2684 538 2761 propter
557 2673 744 2763 superbiam
759 2681 847 2751 eins,
874 2673 929 2738 sed
944 2687 1086 2762 propter

10 2770 17 2829 l
57 2780 315 2864 occupationem
338 2773 506 2861 adspirare
524 2775 760 2864 nonpposlunt.
805 2775 878 2842 Sed
902 2789 940 2839 tu
967 2782 1002 2839 in
1025 2775 1086 2840 ista

12 2876 17 2955 ξ
57 2876 194 2965 epistola
209 2875 292 2940 nihil
307 2875 391 2940 mihi
405 2875 553 2965 scripsisti
568 2878 609 2942 de
625 2885 692 2944 tuis
707 2880 825 2942 rebus:
850 2899 934 2960 quae
956 2867 1087 2941 meher-¹

10 2962 16 3001 ¹
57 2976 317 3044 culernihinon
335 2983 461 3042 minori
476 3000 577 3044 curae
599 2979 691 3053 sunt,
718 3001 817 3062 quam
832 3001 936 3044 meae.
976 2979 1086 3043 Valde

10 3048 15 3170 ἶ
57 3089 193 3153 metuo,
223 3099 266 3142 ne
286 3079 407 3166 frigeas
429 3086 466 3143 in
488 3077 651 3148 bibernis.
696 3081 928 3171 Quamobrem
953 3087 1087 3145 camino

99 3422 151 3469 aut
167 3411 468 3498 resuutxepuurer]
490 3427 544 3474 aut
600 3429 661 3474 tur.
703 3413 786 3473 Nam
815 3408 870 3483 etl't
891 3408 1013 3491 frigere
1041 3415 1087 3472 ln·

17 3500 19 3504 “
57 3515 296 3577 argumentum,
351 3515 405 3558 aut
438 3519 543 3558 meum
600 3504 690 3559 terim
705 3496 745 3559 fic
761 3497 972 3576 metaphorice
994 3503 1086 3577 poni·

54 3578 205 3641 scribendi
231 3604 338 3664 genus.
380 3580 499 3645 Mauur.
599 3601 668 3653 rur,
689 3582 876 3645 bitumen
889 3587 1018 3661 proprie
1040 3587 1087 3641 in·

99 3665 191 3746 Epist.
208 3670 329 3730 CXLV.
374 3690 398 3729 ι.
422 3691 457 3727 ne
478 3667 542 3737 fri·
600 3669 810 3750 telligenrlurn.
855 3664 1088 3726 Cicereiocose

55 3751 151 3833 geas]
176 3773 250 3812 cave
273 3752 335 3812 hoc
357 3775 453 3834 quum
476 3756 554 3814 Ma·⁴
599 3756 781 3815 Trebatium
796 3757 903 3830 carpit,
915 3749 999 3831 quasi
1009 3749 1088 3809 mol·

54 3842 144 3897 nutio
172 3835 213 3897 fic
246 3843 394 3918 accipias:
434 3855 543 3898 metuo
599 3838 680 3912 lem,
717 3855 748 3899 et
768 3837 927 3899 laboribus
948 3830 1096 3907 militiae,

55 3941 97 3981 ne
119 3941 185 3982 non
209 3928 328 4002 optime
349 3938 450 3983 aecum
471 3944 545 4006 aga·
600 3940 635 3984 ut
658 3922 823 4006 frigoribus
847 3919 991 4004 hybernis
1015 3941 1087 3999 per·

56 4020 124 4079 rur,
160 4009 416 4087 quandoquidem
445 4028 545 4089 opera
600 4009 867 4089 serendia,pa1um
884 4002 1043 4068 assuerum.
1117 4021 1118 4025 ’

56 4113 113 4159 tuo
131 4095 242 4158 Caesar
254 4101 287 4156 in
304 4095 388 4157 bello
403 4115 472 4157 nort
485 4096 545 4154 uti·
