2506 4808
139 317 202 383 no
394 309 693 381 ‘EPISTOLA
742 306 897 376 cxvl.

139 524 179 569 ae
192 507 304 591 primo
318 496 454 583 quidem
471 520 550 563 cum
564 494 746 570 desiderio,
763 518 854 560 nunc
872 517 959 563 vero
976 503 1187 571 etiamnum

137 597 278 671 timore!
304 598 421 685 Atque
441 596 503 665 has
519 599 602 665 scito
616 597 735 663 literas
749 620 802 662 me
820 597 904 663 solas
920 602 1103 690 accepisse
1114 605 1193 694 post,
1251 589 1253 606 Α

138 704 235 778 illas,
254 722 337 787 quas
355 714 439 766 tuus
455 713 556 765 nauta
570 698 700 773 attrdit,
718 698 818 764 Olbia
839 699 947 764 datas.
996 700 1079 768 Sed
1098 717 1186 772 cete·

138 829 178 872 ra
206 811 271 887 (ut
291 804 433 885 scribis)
461 799 628 889 praesenti
657 797 803 865 sermoni
827 799 1064 868 reserventur.
1106 805 1183 871 Hoc

138 921 255 975 tamen
269 927 338 970 non
358 924 447 986 queo
470 902 620 967 disserte.
662 900 712 965 Id.
729 900 829 967 Maiis
853 899 985 967 senatus
1010 903 1181 1007 frequens

137 1011 274 1078 divinus
292 1008 357 1072 fuit
371 1009 408 1069 in
431 1000 669 1091 supplicatione
684 1001 827 1066 Gabinio
842 1000 1063 1090 deneganda.
1108 1005 1181 1075 Ad-

135 1118 226 1181 iurat
239 1104 406 1175 Procilius
420 1101 487 1165 hoc
501 1108 628 1167 nemini
646 1101 809 1166 accidisse.
854 1103 953 1170 Foris
967 1106 1075 1173 valde
1088 1107 1183 1197 plau·

31 1268 35 1275 ,
137 1214 241 1278 ditur.
295 1206 383 1274 Mihi
405 1224 508 1286 quum
526 1201 579 1265 sua
601 1202 719 1289 sponte
739 1202 943 1278 iucundum,
961 1218 1042 1272 tum
1060 1214 1180 1276 iucun-

136 1315 233 1386 dius,
253 1307 348 1392 quod
362 1327 418 1368 me
440 1303 575 1367 absente
596 1303 668 1386 (est
684 1304 773 1367 enim
793 1309 960 1391 ttbaprvie
980 1309 1178 1396 iudicium)

136 1413 205 1481 line
229 1411 503 1497 oppugnatione,
536 1403 603 1469 fine
627 1411 734 1492 gratia
760 1404 882 1470 nostra.
931 1407 1044 1472 Eram
1062 1408 1177 1480 Antii.

135 1510 242 1600 Quod
265 1507 398 1579 idibus,
444 1516 479 1569 et
505 1504 666 1594 postridie
695 1505 806 1571 luerat
830 1508 979 1583 dietum,
1024 1509 1072 1576 de
1094 1533 1176 1602 agro

137 1610 314 1696 Campano
334 1620 449 1672 actum
473 1611 536 1681 iri,
572 1606 711 1672 nonest
737 1621 860 1673 actum.
915 1610 957 1676 In
983 1606 1055 1676 hae
1081 1613 1178 1681 causa

135 1707 221 1776 mihi
235 1729 319 1792 aqua
331 1706 459 1774 haeret.
502 1707 577 1776 Sed
596 1709 694 1796 plura
710 1731 808 1792 quam
822 1710 1082 1776 constitueram.
1114 1714 1185 1793 Co·¹

134 1832 208 1880 ram
232 1815 334 1875 enim.
376 1808 482 1887 Vale,
506 1816 555 1877 mi
579 1815 724 1898 optime,
764 1823 798 1874 et
819 1809 1024 1899 optatissime
1048 1815 1177 1895 irater,

133 2302 220 2388 mas]
257 2301 370 2385 quibua
390 2299 526 2383 Quintus
550 2298 623 2361 scri·
711 2298 817 2386 foris]
857 2300 889 2364 ir.
914 2322 943 2365 e.
984 2322 1004 2366 a
1041 2310 1176 2392 populo

130 2390 234 2473 pietat
249 2387 280 2448 se
298 2387 430 2450 seliciter
445 2406 464 2445 e
479 2386 620 2446 Sardinia
675 2385 835 2467 plauditur
849 2386 977 2451 senatui.

131 2477 163 2537 ln
181 2473 300 2535 Italiam
319 2467 449 2533 rediille.
717 2476 855 2556 direptui,
877 2475 1046 2562 indicium]
1077 2479 1202 2547 firm„

171 2579 246 2618 nunc
262 2579 332 2616 vero
347 2559 517 2614 etiamtum
532 2555 618 2611 timo·
674 2574 744 2616 rum
766 2557 843 2616 illud
863 2556 906 2617 est
926 2580 962 2620 ac
974 2560 1111 2644 simplex
1128 2574 1177 2630 iu.

130 2643 185 2726 re]
218 2664 259 2703 ne
281 2643 357 2722 quid
379 2639 433 2698 tibi
460 2634 564 2698 sinistri
586 2643 620 2700 in
675 2641 789 2701 dicium
810 2641 947 2712 senatur,
969 2645 1052 2708 nihil
1075 2655 1109 2713 in
1131 2674 1174 2717 eo

129 2730 329 2810 navigatione
351 2719 513 2784 accidisset.
674 2731 792 2809 gratiae
802 2747 891 2786 mene
908 2728 1024 2790 tribuit.
1043 2731 1173 2798 Manat.

173 2814 204 2869 in
237 2810 455 2886 supplicatione
492 2802 617 2865 Gabinio
715 2814 753 2867 de
771 2831 849 2892 agro
867 2810 1046 2901 Campano]
1072 2843 1111 2881 ex
1131 2844 1173 2886 ρο

129 2892 327 2976 deneganda]
372 2893 522 2953 Gabinius
562 2897 617 2973 qui
673 2895 757 2954 sero
775 2897 863 2977 quod
876 2904 1173 2979 nonelpnexci·

128 2996 196 3042 tum
204 2983 324 3064 Syrium
339 2976 461 3059 procos.
476 2977 615 3060 regebat,
673 2986 794 3040 curonis
804 2981 1081 3049 sententiasactum
1091 3009 1188 3057 erat..

126 3064 232 3126 literae
256 3062 377 3123 miserat
398 3064 438 3122 ad
461 3060 617 3134 senatum,
671 3079 707 3124 ut
733 3065 776 3123 de
804 3087 881 3151 agro
906 3068 1077 3150 Campano
1106 3080 1171 3139 fre·

125 3150 240 3231 quibua
253 3166 288 3208 ut
300 3145 355 3208 fibi
370 3145 552 3228 supplicatio
563 3147 616 3205 de·
672 3154 779 3228 quenti
797 3148 900 3211 senatu
913 3152 1014 3215 idibus
1021 3159 1107 3221 Maii
1119 3152 1171 3222 re·

127 3250 317 3305 cerneretur,
328 3232 509 3314 postularat,
525 3232 615 3311 quod
669 3236 812 3295 serretur.
853 3237 925 3297 vid.
942 3258 992 3320 ep.
1012 3252 1088 3324 149.
1109 3242 1208 3324 (ad‘·

126 3320 161 3380 in
184 3316 351 3379 Palaestina
370 3335 479 3379 contra
501 3315 614 3376 Aristo·
669 3319 740 3376 Div.
755 3319 779 3381 1.
806 3322 849 3400 9.)

125 3399 193 3462 buli
244 3401 340 3462 filium
383 3403 611 3473 Alexandrum,
710 3406 783 3469 milri
803 3427 878 3482 aqna
898 3405 1023 3491 haeret]
1053 3407 1169 3476 ham.

123 3486 287 3568 ipsumque
307 3484 516 3547 aristobulum
543 3506 610 3545 reru
669 3483 721 3547 bat
731 3492 842 3550 Cicero
852 3490 962 3552 dubius
976 3499 1074 3555 animi
1086 3500 1167 3578 quid

122 3569 205 3632 bene
216 3569 354 3655 gessisset.
397 3573 484 3630 Haec
499 3570 612 3649 suppli·
668 3589 793 3653 ageret,
815 3592 915 3633 utrum
938 3582 1003 3660 agri
1022 3580 1166 3663 Campa.

122 3663 205 3718 cotio
222 3663 250 3715 ei
265 3677 376 3741 magun
391 3678 460 3716 cum
479 3660 612 3736 ignonui·
667 3661 700 3714 ni
739 3658 948 3719 venditionem
969 3663 1164 3743 probaret,

120 3748 171 3809 uia
195 3762 211 3801 n
241 3740 346 3802 senatu
374 3742 525 3822 denegate
558 3738 610 3802 est.
668 3742 757 3819 quod
780 3745 943 3804 videbatur
971 3766 990 3804 e
1020 3769 1094 3830 rep.
1118 3775 1165 3816 an

120 3828 159 3888 cs.
175 3827 240 3888 Cic.
260 3844 339 3890 orat.
361 3827 402 3885 de
418 3827 508 3884 Prov.
526 3823 609 3886 cons.
652 3826 821 3905 ‚Pompeio
837 3829 1082 3912 gratificaretur,
1105 3843 1165 3919 qni

121 3932 146 3971 c.
166 3912 221 3973 IV.
665 3911 759 3971 dividi
793 3932 895 3992 potina
922 3936 1031 3997 agrum
1069 3921 1165 3984 ilium

135 3991 329 4076 ¹Procilius]
360 3990 424 4056 hoc
446 4011 530 4054 anno
553 3996 607 4054 tri-
664 3992 721 4056 suia
745 4000 897 4059 veteribus
924 4000 1076 4067 militibus
1104 4028 1164 4072 vo.

112 4075 215 4143 bunut
229 4081 340 4162 plebis.
661 4077 772 4146 luisset.
822 4080 944 4149 Manat.
