2506 4808
315 304 610 415 EPISTOLA
643 305 834 375 CXXVI.

1023 319 1092 397 Ἰ57

60 498 180 565 videar
204 497 265 560 tibi
288 516 357 560 non
378 495 481 558 modo
495 495 632 566 beatus,
652 491 707 556 fed
721 492 810 558 fiber
825 500 964 559 omnino
978 493 1092 572 fuiffe,

58 601 176 683 dirupi
193 619 247 660 me
264 618 370 684 paene
387 603 422 660 in
440 596 566 658 iudicio
576 593 662 670 Gelli
672 597 821 667 Caninii,
841 597 1013 663 familiaris
1028 605 1090 664 tui.

60 701 164 792 Quod
190 698 211 762 ti
239 712 307 762 tum
331 697 464 761 facilem
485 694 648 783 populum
670 695 851 790 haberem,
876 721 975 782 quam
989 698 1092 766 Aefo·

58 822 125 890 pus
145 800 280 864 habuit:
308 799 456 863 libenter
475 796 670 864 mehercule
691 815 798 863 artem
820 799 1023 874 desinerem,
1046 815 1093 866 te·
1156 793 1160 802 ¹

60 925 225 985 cumque,
258 913 292 965 et
314 920 393 963 cum
418 898 574 964 fimilibus
599 895 702 964 noftri
722 907 882 967 viverem.
926 903 1012 967 Nam
1036 926 1092 969 me

58 1029 164 1090 quum
188 1017 286 1068 antea
308 1002 482 1074 taedebat,
505 1022 607 1083 quum
630 1016 664 1067 et
687 1017 797 1079 actm,
819 1019 853 1070 et
875 1009 1014 1071 ambitio
1035 1009 1092 1072 rn'e

59 1107 302 1179 hortabantur,
324 1118 357 1169 et
373 1104 504 1167 ·licebat
524 1097 688 1186 denique,
710 1128 811 1189 quem
831 1107 1004 1180 nolebam,
1021 1129 1093 1173 nou

59 1209 263 1274 defendere:
284 1219 357 1270 tum
374 1228 455 1272 vero
477 1202 543 1270 boc
566 1213 723 1292 tempore
740 1215 807 1274 vita
820 1209 910 1272 nulla
924 1208 982 1274 eft·
1026 1207 1093 1272 Ne·

64 1333 131 1395 que
157 1315 247 1374 enim
269 1309 420 1371 fructum
442 1304 549 1370 ullum
569 1305 696 1373 laboris
720 1330 762 1373 ex
783 1308 838 1374 his
862 1309 1035 1396 exspecto:
1057 1319 1094 1378 et

57 1433 170 1500 cogor
187 1430 442 1492 nonnumquam
460 1407 615 1473 homines
632 1431 703 1473 non
718 1416 850 1496 optime
861 1414 904 1474 de
920 1431 974 1472 me
995 1412 1094 1471 meri·

59 1528 137 1586 tos,
162 1525 285 1600 rogatu
304 1531 439 1582 eorum,
464 1515 521 1592 qui
544 1512 758 1576 benemeriti
774 1511 867 1584 funt,
891 1510 1092 1575 defendere.
1117 1580 1121 1584 Α

57 1617 174 1698 ltaque
196 1634 320 1696 quaero
337 1610 448 1674 causas
466 1631 585 1677 omncs
601 1612 778 1695 aliquando
793 1614 929 1679 vivendi
952 1613 1094 1676 arbitra-

58 1729 98 1780 tu
119 1736 212 1796 meo;
235 1727 355 1796 teque,
377 1724 411 1776 et
431 1710 523 1774 istam
542 1715 709 1777 rationem
725 1718 785 1779 otii
802 1720 852 1778 tui
870 1728 903 1778 et
923 1713 1021 1776 laudc
1041 1733 1094 1778 ve·

58 1816 258 1888 hementer‚
293 1827 326 1877 et
348 1816 473 1902 probo:
488 1850 491 1862 ν
509 1817 666 1898 quodque
686 1838 749 1881 nos
771 1822 885 1881 minus
906 1808 1093 1889 intervifiS,
1192 1852 1196 1857 -

59 1915 130 1980 hoc
151 1916 224 1980 fero
251 1922 363 1978 animo
390 1921 565 1998 aequiore,
597 1916 705 1999 quod,
738 1914 903 1980 fiPiomee
926 1913 1027 1988 effes,
1047 1925 1093 1977 ta·

59 2040 140 2082 men
155 2036 264 2100 neque
281 2037 344 2080 nos
360 2013 476 2103 lepore
493 2031 572 2092 tuo,
591 2040 701 2101 neque
719 2032 754 2082 te
777 2018 819 2100 (fi
834 2022 892 2102 qui
907 2015 954 2079 eft
966 2020 1003 2078 in
1016 2018 1092 2096 me)

439 2192 709 2208 ——n-d———d

54 2298 192 2360 scenicos
225 2313 316 2358 vocat
351 2297 547 2382 Clytaemne-

54 2383 147 2445 stram
169 2399 199 2442 et
215 2384 336 2462 Equum
352 2387 545 2457 Troianum,

55 2475 195 2550 itemque
223 2469 361 2530 Graecos
394 2485 426 2530 et
449 2467 545 2529 Ofcos

55 2554 160 2614 ludos.
204 2551 546 2634 Hicquaevo,fifudi

53 2639 123 2700 funt
152 2643 232 2698 inter
254 2638 318 2698 dies
338 2637 431 2699 festos
459 2639 546 2719 quod

55 2723 238 2785 Macrobius
260 2723 312 2783 lib.
328 2725 350 2786 l.
374 2727 496 2784 Saturn.
518 2745 544 2784 c.

58 2811 107 2870 16.
123 2807 264 2888 fcriptum
279 2810 413 2889 reliquit,
435 2826 465 2868 et
480 2807 545 2869 festi

56 2895 121 2953 dies
137 2896 230 2953 iidem
247 2891 312 2953 funt
328 2893 444 2966 nefafti,
458 2897 546 2974 quod

54 2982 141 3039 idem
175 2978 318 3055 tradidi13
362 2985 415 3059 qui
443 2984 547 3058 potuit

58 3066 180 3123 Caninii
201 3063 319 3121 causam
337 3066 447 3123 Cicero
466 3065 545 3125 ludis

56 3148 178 3208 scenicis
200 3154 219 3206 i.
244 3171 271 3208 e.
295 3148 415 3209 nefastis
438 3151 545 3208 diebus

56 3234 171 3315 agere?
212 3236 292 3292 Nam
325 3237 436 3294 iudicia
464 3233 545 3293 faftis

56 3335 175 3378 tantum
200 3319 307 3377 diebus
337 3318 468 3393 fiebant3
492 3339 545 3379 na·

54 3401 122 3464 fafti
151 3422 254 3462 autem
286 3402 365 3463 fastis
398 3402 544 3484 oppositi.

55 3487 543 3568 Nnudeestqoodrefpondeam.

55 3575 134 3631 Ludi
155 3595 220 3634 non
245 3595 370 3645 omnes,
394 3573 443 3634 fed
460 3578 544 3632 auni-

55 3658 175 3716 verfarii
193 3675 309 3717 tantum
326 3666 404 3719 inter
417 3662 482 3718 dies
499 3661 545 3718 fe·

54 3741 116 3802 ftos
131 3745 235 3814 fuere,
258 3743 323 3802 ludi
339 3760 441 3802 autem
452 3745 546 3803 Pom·

54 3834 118 3907 peii
148 3849 211 3886 nou
242 3827 453 3898 anniversarii,
492 3827 545 3887 fed

55 3930 151 3970 extra
168 3914 309 3971 ordinem
332 3915 412 3985 dati,
447 3935 543 3992 quum

53 3996 207 4055 theatrum
222 3999 436 4079 templumque
446 4001 545 4056 Vene-

53 4089 95 4142 ris
116 4083 255 4143 Victricis
281 4086 455 4157 dedicaret3
487 4088 542 4143 ita·

603 2317 667 2377 que
679 2318 738 2378 per
753 2298 880 2358 eosdies
895 2297 1006 2360 iudicia
1026 2293 1093 2360 fieri

602 2382 697 2443 licuit.
727 2385 870 2442 Exoritur
885 2385 979 2444 altera
997 2406 1093 2466 quae·

602 2465 676 2528 fiio:
699 2465 827 2527 filudos
844 2469 955 2529 Cicero
976 2469 1093 2549 specta·

604 2558 662 2624 vit,
697 2574 767 2632 quo
799 2555 899 2615 modo
928 2556 1092 2616 Caninium

602 2637 762 2698 defendit?
783 2639 889 2699 Potuit
911 2655 982 2699 aute
1002 2645 1092 2716 rneri-

603 2724 684 2785 diem
708 2723 894 2796 defendere,
916 2723 986 2804 poft
1002 2730 1093 2788 meri,-

603 2810 684 2869 dient
714 2806 861 2889 spectare.
905 2806 1025 2869 Mortui.

616 2930 619 2934 ·
649 2889 731 2950 Galli
760 2890 901 2976 Caninii]
948 2895 996 2955 hic
1034 2897 1092 2956 suit

604 2978 761 3038 Ciceronis
790 2995 820 3038 et
846 2982 992 3041 Varronis
1017 2986 1102 3039 mnia.

603 3083 655 3122 cus
670 3066 710 3122 ad
726 3065 793 3124 Div.
811 3066 864 3122 lX.
886 3086 933 3143 ep.
955 3087 981 3124 e.
1006 3087 1092 3124 eum-

604 3169 666 3227 que
701 3150 811 3208 Cicero
846 3150 971 3209 Athenis
1018 3152 1093 3211 vidit

602 3253 699 3312 quum
720 3240 751 3292 in
768 3234 902 3293 Cificiam
921 3234 1092 3314 proficisce-

601 3334 697 3379 retur.
729 3319 955 3390 animalia.

643 3424 700 3459 non
716 3405 828 3476 optime
842 3407 879 3462 de
894 3425 941 3460 me
955 3403 1091 3486 meritos]

601 3485 720 3547 Erravit
737 3492 894 3548 Manutius
913 3511 1008 3569 quum
1030 3490 1091 3552 het

603 3575 643 3630 ad
674 3573 840 3632 Gabinium
879 3591 909 3632 et
933 3576 1091 3634 Vatinium

600 3656 737 3735 spectare
755 3663 893 3737 putavit·
916 3652 1092 3738 Utrumque

602 3747 682 3801 enim
698 3744 809 3802 Cicero
831 3764 896 3803 non
911 3741 972 3801 hoc
989 3763 1093 3816 anno,

600 3825 654 3888 fed
669 3827 817 3907 sequente
835 3832 970 3896 dentum,
981 3828 1090 3887 Domi·

601 3916 647 3971 tio
677 3913 890 3973 Ahenobarbo
924 3929 956 3971 et
984 3916 1090 3992 Appio

602 3998 735 4057 Claudio
759 3996 893 4059 Pulchro
928 3994 1000 4058 coff.
1036 3999 1090 4059 de·

576 4127 578 4131 .
600 4083 709 4144 fendit.
1084 4118 1092 4139 .-
