2580 4792
135 293 174 355 18
360 273 641 343 EPISTOLA
694 275 924 344 LXXXIX.

111 463 286 538 ¹'videret‚
318 481 438 527 omnes
461 459 642 536 Catilinas,
680 460 849 527 Acidinos
872 462 985 551 postea
1005 461 1171 529 reddidit.

137 563 225 631 Nam
237 563 377 645 Milonis
393 563 544 636 domum,
566 583 639 627 earn
655 584 738 645 quae
752 569 787 628 in
800 562 971 639 Germalo,
992 564 1104 651 pridie
1119 564 1171 629 ld.

139 657 306 733 Novemb'.
333 685 528 752 expugnare
554 676 588 728 et
610 664 792 728 Incendere
814 669 862 728 ita
882 678 1024 731 conatus
1046 665 1113 738 eit,
1136 677 1175 732 ut

140 768 249 858 palam
272 765 357 832 hora
375 790 396 833 v
421 774 498 830 cum
532 763 632 829 lentis
661 762 834 838 homines,
878 765 1009 832 eductis
1034 766 1176 854 gladiis,

31 912 38 921 -
141 870 226 935 alios
255 891 332 935 cum
358 863 510 932 'accensis
538 868 670 934 facibus
697 867 888 931 adduxerit.
932 864 1004 953 Ipic
1033 869 1175 933 domum

118 969 178 1049 'P,
193 969 308 1036 Sullae
328 991 390 1056 pro
413 967 527 1034 castris
551 969 608 1035 fibi
628 968 759 1033 adeam
779 974 1068 1055 impugnationem
1092 962 1177 1033 sum·

118 1070 261 1165 piarat.
308 1068 401 1136 Turn
431 1093 474 1134 ex
494 1067 652 1137 Anniana
673 1067 813 1133 Milonis
846 1069 948 1133 domo
970 1068 1014 1160 Q
1036 1069 1176 1138 Flaccus

144 1174 264 1240 aduxit
286 1178 380 1239 viros
404 1191 517 1252 acres;
559 1171 686 1235 occidit
715 1169 870 1234 homines
894 1193 937 1234 ex
959 1175 1053 1234 omni
1076 1169 1179 1237 latro·

147 1281 237 1341 cinio
259 1273 424 1340 Clodiano
444 1269 646 1355 notilfimos3
674 1269 781 1358 ipsum
807 1275 949 1355 cupivit3
986 1269 1042 1336 sed
1063 1270 1121 1336 ille
1141 1277 1178 1337 in

144 1379 310 1444 interiora
324 1372 470 1438 aedium.
495 1370 591 1440 Sulla
606 1378 642 1438 in
655 1371 768 1438 senatu
784 1370 944 1458 postridie
959 1371 1060 1458 Idus3
1085 1373 1179 1440 domi

145 1591 403 1655 commemoravit
429 1609 491 1669 pro
517 1605 559 1648 eo
589 1589 633 1646 ci·
689 1586 804 1649 Addidi
841 1593 872 1647 in
914 1613 952 1652 ex
990 1593 1040 1653 ed.
1082 1591 1176 1657 Rom.

146 1679 228 1748 deri,
250 1675 326 1737 nihil
345 1672 410 1756 ipse
429 1674 566 1734 iudicans
594 1673 635 1733 da
694 1669 835 1730 Germalo
857 1672 900 1735 est
915 1697 933 1736 a
947 1676 1095 1738 variilima
1110 1699 1179 1741 cor.

116 1766 358 1830 'correctiona,
379 1757 519 1821 vitiosum
531 1772 635 1820 tamen
689 1761 830 1818 rectione
851 1762 1001 1822 Turnebi.
1043 1765 1178 1825 Nomia

146 1848 180 1909 id
215 1841 393 1907 existimant.
457 1843 534 1904 lude
568 1840 636 1904 fiori
690 1862 781 1902 mont
801 1846 832 1904 iu
847 1846 940 1917 urba,
961 1847 1015 1906 ubi
1032 1847 1112 1908 Milo
1122 1847 1179 1910 do·

146 1930 275 1995 volebat
311 1927 468 1993 Corradus
515 1929 635 2001 vocari,
690 1948 777 1986 mum
797 1926 950 2002 habebat,
970 1936 1003 1992 iu
1024 1953 1086 2014 qua
1113 1952 1179 1996 noa

147 2035 263 2098 nempe
289 2018 363 2097 quia
388 2011 448 2074 ltoc
477 2010 520 2074 est
545 2010 637 2073 ufita·
691 2009 869 2087 habitabat,
917 2014 968 2076 led
1000 2021 1032 2077 in
1062 2017 1178 2091 altare,

148 2117 215 2163 tam
257 2103 290 2161 in
331 2095 390 2158 hac
425 2118 460 2157 re
497 2097 635 2159 verbum.
714 2117 775 2156 uae
819 2119 893 2160 mox
941 2099 1080 2160 Anniana
1127 2099 1178 2165 est.

149 2185 299 2249 Graevius
327 2181 401 2247 inda
429 2182 563 2244 iaciebat
586 2204 635 2240 ua·
692 2117 819 2257 irritasti.

148 2271 227 2346 dari.
269 2267 332 2329 Sed
358 2267 391 2330 id
422 2265 542 2346 iamper
568 2263 636 2328 fini·
734 2268 1008 2354 impugnationem]
1025 2270 1179 2334 Lambiuo

72 2368 78 2376 ·
148 2352 270 2439 pliciter
284 2354 405 2424 dicitur,
424 2368 455 2417 et
470 2349 512 2413 est
526 2356 635 2426 minut,
690 2349 859 2435 legendum
887 2356 1050 2417 uideuatur
1089 2378 1178 2435 oppa.

148 2461 242 2523 quam
257 2459 318 2525 pro
331 2458 366 2498 re
380 2434 542 2519 praesenti.
573 2439 636 2496 Na·
692 2439 875 2515 gnationem.

148 2545 204 2588 rno
237 2521 287 2584 hic
313 2521 442 2602 inspexit
470 2522 518 2583 ed.
543 2520 637 2583 Rom.
727 2522 784 2597 sed
800 2524 898 2598 illese
917 2523 946 2578 iu
967 2527 1114 2590 interiora
1132 2549 1178 2587 ae.

150 2606 341 2692 quaehabet
359 2608 478 2683 urgeri,
504 2626 585 2688 quae
606 2621 639 2667 et
694 2609 831 2664 diutn-
849 2603 992 2692 Clodius]
1021 2611 1081 2673 liic
1094 2614 1179 2677 locut
1215 2674 1217 2678 ,

148 2693 214 2776 ipsa
243 2691 330 2755 bom
357 2689 451 2751 lectio
480 2691 530 2753 eti.
575 2691 639 2753 Sed
695 2698 778 2752 varie
801 2708 832 2753 et
855 2713 1003 2775 corrupta
1020 2695 1181 2761 exhibetur

149 2796 255 2841 tamen
281 2776 364 2832 trudi
388 2776 551 2855 praefero;
580 2797 639 2837 nac
694 2781 726 2836 in
755 2777 838 2838 libris
864 2776 918 2839 scr.
954 2797 985 2840 et
1009 2781 1082 2845 edd.
1122 2786 1181 2843 Te·

149 2863 183 2925 id
207 2857 250 2922 est
272 2860 419 2940 proiecto
448 2879 484 2919 ex
511 2866 637 2944 ingenio
693 2862 830 2921 neudum
862 2878 964 2923 autem
998 2866 1183 2929 Ciceronem

148 2946 283 3014 librarii:
318 2943 371 3004 l'ad
406 2949 509 3023 urgeri
536 2942 639 3026 potest
695 2942 746 3009 hic
779 2945 911 3026 abrupte
947 2949 1108 3026 locutum3
1151 2967 1183 3014 ut

151 3035 217 3093 einr
232 3026 317 3089 verbi
334 3024 429 3114 glolla
449 3027 519 3091 elle.
562 3033 639 3091 Var'·
696 3029 884 3092 celeritatem
913 3034 1057 3117 fugientis
1081 3037 1183 3101 Clodii

150 3115 226 3178 bum
238 3115 340 3173 vocari
354 3129 420 3175 arat
433 3119 536 3176 mitior
545 3135 639 3195 quam
697 3119 890 3194 exprimeret„
934 3120 978 3179 Ex
990 3119 1049 3180 hac
1062 3127 1183 3185 ratione

150 3222 211 3291 pro
224 3220 275 3261 ra:
298 3200 373 3280 quid
388 3216 514 3279 poterat
530 3199 640 3267 melius
696 3197 776 3260 bene
806 3199 835 3262 sa
864 3200 958 3263 habat
988 3204 1122 3266 alterum
1156 3222 1184 3267 et

151 3306 212 3367 pro
234 3305 274 3345 eo
297 3286 374 3356 dici,
412 3305 506 3367 quam
531 3280 639 3342 trudi?
698 3287 1090 3364 tertiummembrum3nist
1099 3291 1184 3373 quod

150 3374 202 3431 Sic
236 3372 276 3426 ad
304 3380 430 3439 inertem
458 3372 541 3446 trudi
567 3370 642 3429 dixit
690 3370 724 3443 se
739 3371 768 3426 in
777 3373 883 3446 senatu
898 3373 1036 3433 vitiosum
1053 3374 1116 3448 est,
1135 3377 1185 3437 eb·

151 3455 263 3517 Cicero
291 3454 332 3511 de
354 3454 506 3528 Socrate,
544 3474 642 3533 quum
698 3451 804 3535 estque
819 3458 853 3530 se
874 3457 921 3517 ed.
944 3457 1018 3519 lens.
1043 3459 1185 3541 ¹Respon-

150 3539 301 3624 poculum
322 3540 517 3599 mortiferum
534 3537 642 3598 biben·
699 3541 771 3599 dent
808 3539 861 3600 fibi
887 3537 968 3602 Sulla
1002 3547 1032 3603 iu
1062 3549 1184 3622 scama,

151 3621 326 3687 dumeliet,
346 3623 436 3684 Tuic.
454 3623 479 3682 l.
495 3638 549 3697 30.
566 3638 640 3683 extr.
703 3620 823 3682 Clodius
846 3630 928 3683 dorni
954 3647 1106 3692 accurato.
1153 3632 1186 3694 ΙΙ

153 3707 281 3784 Ernesti.
698 3714 802 3787 primo
827 3712 968 3773 membro
991 3710 1034 3773 cst
1056 3720 1185 3779 variatas

192 3791 353 3874 Acidinos]
393 3789 578 3872 Intelligitur
607 3792 641 3856 C,
698 3794 765 3854 illa:
797 3795 854 3855 Ed.
873 3797 965 3859 Rom.
990 3795 1104 3866 habet:
1134 3803 1186 3879 sed

151 3879 288 3942 Manlius
309 3875 458 3936 Acidinus
490 3876 642 3949 Catilinae
699 3882 749 3951 iile
772 3881 807 3952 se
831 3884 859 3937 iu
880 3884 1052 3942 interiorem
1071 3900 1186 3960 partem

149 3969 181 4026 in
197 3964 414 4025 coniuratione
430 3957 537 4019 locius.
698 3967 816 4020 aedium
838 3969 949 4039 recepit
956 3989 970 4037 ;
991 3972 1082 4047 quod
1104 3970 1185 4033 sensu

195 4067 261 4106 earn
300 4065 373 4122 quae
413 4045 443 4100 in
476 4040 640 4129 Germalo]
699 4049 778 4113 bene
787 4048 893 4126 habet,
904 4051 957 4114 led
966 4053 1185 4138 languet-cout-
