2506 4808
312 329 650 432 'errororn
695 334 802 404 cvr.
962 292 966 301 ’
1056 353 1104 423 3,

64 529 136 580 tem
149 513 242 582 volui
256 518 433 602 imponere
447 513 549 583 huius
565 539 673 587 novae
688 527 954 599 coniunctionis,
971 543 1016 590 ne
1036 545 1102 610 qua

63 614 149 681 mihi
163 613 283 680 liceret
295 615 364 680 labi
383 617 424 680 ad
438 615 526 693 illos,
551 626 608 705 qui
624 629 820 698 etiamtum,
835 646 937 707 quum
950 625 1102 714 misereri

62 724 133 782 mei
149 718 374 806 debent,·non
388 717 542 784 desinunt
557 722 719 787 invidere.
763 722 835 790 Sed
851 736 963 790 tamen
975 727 1102 795 modici

62 821 194 884 suimus
221 817 393 896 ὁποθέσει,
414 833 453 884 ut
475 819 597 909 scripsi.
641 824 778 912 Erimus
802 826 997 901 uberiores,
1019 825 1041 890 fi
1065 844 1101 895 et

62 921 122 986 ille
144 919 294 984 libenter
314 925 476 1007 accipiet,
512 921 602 987 ethi
624 906 881 1012 subringentur,
915 935 971 1010 qui
987 929 1101 996 villam

61 1043 118 1086 me
133 1018 273 1084 moleste
295 1022 414 1086 ferunt
435 1021 577 1099 habere,
598 1045 680 1107 quae
697 1027 810 1092 Catuli
834 1029 964 1102 suerat,
987 1031 1100 1096 aVet·

60 1128 112 1187 tio
147 1120 258 1185 emisse
288 1145 360 1187 non
388 1129 552 1213 cogitant3
596 1129 653 1209 qui
681 1125 820 1193 domum
850 1142 976 1216 negant
1000 1154 1100 1215 opor·

59 1221 157 1286 tuisse
182 1244 237 1287 me
258 1222 454 1301 aedificare,
488 1225 640 1292 vendere
663 1233 756 1292 aiunt
777 1226 972 1318 oportuisse.
1024 1231 1099 1298 Sed

61 1324 144 1408 quid
165 1322 207 1388 ad
229 1321 322 1389 hoc?
357 1324 400 1401 fi,
431 1331 554 1412 quibus
571 1326 745 1395 sententiis
762 1331 852 1407 dixi,
874 1333 965 1416 quod
983 1344 1018 1398 et
1038 1334 1098 1420 ipli

104 1559 154 1637 qni
167 1559 266 1626 ,etiam
284 1554 369 1636 tum]
393 1554 494 1617 senno
511 1552 553 1617 est
609 1556 699 1619 dibus
710 1555 869 1621 Culleonis
886 1576 1004 1623 emeret
1011 1582 1102 1639 ,ntr-
1166 1562 1169 1573 '

59 1640 428 1723 detemporeprnesenti,
444 1647 553 1722 itaque
608 1641 721 1722 susque
753 1645 897 1719 Ciceroni
941 1646 1099 1709 venderet.

59 1731 153 1786 etiam
168 1738 231 1785 tum
240 1723 283 1786 est
292 1747 352 1807 pro
363 1728 453 1783 etiam
468 1747 552 1789 nunc.
608 1721 747 1787 Fortasse
770 1742 877 1789 tomen
902 1730 999 1811 ipsum
1020 1731 1100 1795 illud

59 1813 125 1875 Nisi
164 1811 331 1896 legendum
364 1814 551 1884 'edendum
608 1809 834 1884 Tusculanum,
868 1815 957 1893 quod
986 1816 1098 1878 Cicero

59 1899 111 1957 vel
126 1901 301 1980 etiamnum.
329 1897 455 1956 Tacitus
471 1900 550 1958 Ann.
607 1898 670 1955 iem
696 1912 768 1956 ante
794 1895 929 1960 exsilium
955 1898 1100 1980 possede-

58 1984 115 2044 111.
128 1985 178 2044 61.
196 1998 301 2044 tanton
314 1991 376 2038 tum
391 1985 483 2039 etiam
498 1979 553 2041 br·
607 1996 674 2052 rat,
707 1981 790 2040 idem
813 1980 874 2055 esl,
900 1984 1099 2064 quodnntee

59 2067 183 2149 betpro
193 2069 364 2125 etiamnum.
372 2098 414 2113 -—
425 2062 552 2142 Ernesti.
610 2065 712 2124 Catuli
723 2068 840 2136 sueton
860 2083 895 2126 ut
909 2073 946 2138 ei,
957 2073 1011 2149 qui
1023 2074 1098 2131 invi·

102 2150 261 2233 ὑποθέσει]
291 2171 358 2212 nen
376 2155 465 2211 nimis
488 2173 551 2211 mn·
609 2152 742 2221 dorent,
783 2149 846 2211 hoc
889 2156 963 2213 vitio
999 2170 1100 2215 verte·

57 2239 105 2320 pli
119 2240 231 2298 suimus
244 2242 276 2296 in
290 2234 353 2296 hoc
366 2253 551 2319 argumento
607 2249 697 2307 rent,
714 2233 745 2294 se
767 2255 827 2315 pro
852 2255 955 2295 rerum
974 2234 1099 2299 suorum

62 2326 104 2383 de
139 2320 282 2381 laudibus
312 2319 449 2384 Caesaris
490 2337 551 2383 tre·
609 2321 790 2381 conditione
816 2318 897 2381 hauc
918 2321 1020 2382 villam
1044 2322 1099 2385 ed·

60 2407 188 2470 ciendo.
608 2402 669 2463 huo
698 2419 822 2477 tenere,
855 2412 958 2484 'quum
991 2411 1097 2487 potino

104 2496 155 2551 ille
167 2495 290 2551 libenter
303 2489 453 2575 accipiet]
474 2491 553 2553 Cre·
607 2487 801 2569 proscribere
825 2509 893 2549 enm
916 2506 948 2550 et
962 2493 1098 2554 vendere

59 2577 109 2639 ser
123 2581 277 2637 nimirum.
609 2570 768 2633 debuisset.

103 2683 181 2744 quae
208 2659 310 2718 Catuli
337 2658 468 2742 ficerat]
507 2661 552 2720 llx
652 2681 671 2715 α
691 2655 788 2716 Vettio
803 2656 923 2741 emisse]
943 2658 981 2718 ub
997 2657 1099 2722 homi.

59 2745 91 2808 b.
112 2748 133 2808 l.
163 2747 343 2828 intelligitur
365 2747 551 2815 Ciceronem
607 2763 648 2804 ne
672 2765 721 2802 me
743 2743 839 2825 longe
860 2748 1016 2816 inl'eriori3
1043 2748 1098 2826 qui

59 2831 124 2892 hoc
162 2831 229 2910 ipso
267 2845 417 2911 tempore·
448 2830 551 2890 villam
606 2825 630 2886 li
650 2829 751 2888 villam
774 2828 876 2886 Catuli
898 2825 1013 2889 babere
1037 2851 1099 2911 po·

59 2906 284 2985 Tusculanam,
328 2935 410 2996 quae
448 2915 550 2974 Catuli
608 2917 683 2983 tuit,
712 2933 766 2972 cur
789 2932 856 2971 non
881 2929 912 2971 et
932 2934 1011 2995 ego,
1043 2908 1098 2975 etsi

59 3003 163 3062 suerat
201 3003 351 3060 aVettio
388 3015 550 3080 emptam,
607 2995 705 3055 horno
727 3017 845 3067 novur,
871 2998 1098 3060 tamenconsu·

32 3100 36 3114 ·
59 3107 132 3147 cum
154 3083 210 3145 suo
227 3082 403 3145 Tusculano
421 3089 550 3146 coniun·
605 3081 695 3141 lctis?
719 3082 864 3141 Ceterum
887 3104 904 3137 a
930 3079 1028 3142 Vettio
1054 3081 1098 3146 est

58 3168 141 3231 risle.
185 3172 235 3228 Sic
255 3186 286 3229 et
308 3169 486 3252 Mongeltio
509 3173 552 3228 vi.
608 3168 666 3228 Mi.
690 3167 816 3234 Primi:
858 3167 930 3226 edd.
958 3189 1006 3247 pr.
1030 3189 1098 3230 nou

58 3255 136 3316 sum.
200 3256 265 3314 lem
298 3259 388 3314 en'ten
421 3255 549 3313 vidimus
606 3249 739 3325 habent3
780 3270 863 3329 quae
893 3272 951 3312 nec
980 3251 1098 3314 hebent

59 3362 133 3400 erim
177 3339 336 3399 Culleonis
373 3337 550 3398 Tusculano
606 3357 662 3396 me.
727 3335 838 3412 Itaque
872 3332 934 3397 hoc
970 3339 1099 3418 quidem

59 3431 196 3486 animum
220 3419 360 3484 adiecisse
386 3444 435 3501 ep.
450 3443 501 3502 97,
519 3435 549 3499 4.
608 3421 719 3480 delevi.
772 3414 900 3494 Ernesti.

60 3532 98 3571 ec
135 3505 260 3568 sortesle
290 3508 372 3567 idem
401 3505 463 3567 hoc
493 3509 552 3570 suit
651 3508 777 3562 vendere
804 3506 887 3561 aiunt
917 3500 1097 3586 oportuisse]

58 3596 240 3675 praedium,
279 3593 320 3652 de
350 3613 415 3670 qno
439 3594 550 3652 Cicero
606 3588 645 3652 sc.
668 3590 715 3648 vel
738 3587 907 3648 modestiae
929 3588 1034 3659 cause,
1057 3609 1099 3648 ne

58 3700 143 3740 nunc
163 3679 312 3758 loquitur.
355 3675 549 3736 NnmstCe·
608 3670 766 3754 depressus
804 3673 897 3734 exilio
935 3669 1098 3755 magnifice

59 3766 116 3823 tuli
137 3763 206 3821 ville
230 3761 301 3840 posi
328 3767 393 3823 einr
416 3779 551 3821 mortem
607 3760 800 3827 habitarem,
833 3757 880 3817 vel
902 3777 942 3816 ne
962 3758 1046 3835 sump

58 3847 202 3908 edilium
220 3848 404 3907 Culleonem
424 3851 552 3906 transie·
597 3843 829 3905 'aedificationis
848 3842 966 3914 fierent,
992 3868 1000 3892 ι

58 3919 379 4010 rn‚'fienp01erat,
403 3949 439 3992 ut
463 3953 550 4003 erm,
608 3949 670 4013 ego
686 3948 751 3987 non
765 3920 945 3987 sufficerem.
980 3949 989 3970 ·

58 4039 157 4099 quum
173 4024 204 4077 in
220 4022 365 4076 auctione
382 4021 411 4076 ei
427 4032 552 4096 emptor
643 4015 700 4090 fed
723 4014 792 4089 qnid
816 4014 857 4068 ad
882 4011 935 4068 1100
979 4083 982 4092 1

57 4122 124 4168 non
140 4099 251 4173 suisset,
270 4103 392 4161 Vettius
410 4101 449 4162 ab
464 4101 554 4163 bero·
610 4116 759 4187 quirnea
774 4116 916 4177 qurenv

97 4218 155 4273 cte.
176 4219 248 4286 Epp.
271 4219 348 4271 Tum.
369 4217 412 4270 sl·
