2506 4808
114 294 177 371 ‚72
380 258 668 337 emsroun
708 260 877 335 artu:

112 462 241 530 suntin
256 458 472 549 pactionibus
490 453 653 523 faciendis
669 476 741 520 non
754 453 868 544 legem
888 454 1046 547 spectare

112 563 251 637 soriam,
272 560 330 626 sed
343 572 458 648 potrus
482 556 758 624 commoditatem
776 555 985 627 conficiendi
1004 584 1048 628 ne

111 677 150 732 et
167 663 408 732 liberationem
430 659 610 726 molestiae.
652 657 754 724 Potes
778 664 880 724 etiam
900 662 999 727 tn-id
1021 662 1048 735 e

114 765 207 852 qnod
235 776 271 831 et
299 761 405 829 fecisti
431 767 582 850 egregie,
617 774 651 827 et
672 761 776 836 facis,
820 775 861 829 ut
888 784 1048 830 commen

108 879 238 953 quanta
254 863 292 929 lit
305 871 342 931 in
355 861 545 951 publicanis
562 863 729 950 dignitas,
758 874 922 947 quantum
936 884 1005 931 noa
1026 865 1048 932 il

111 970 187 1037 alini
208 967 410 1039 debeamus,
444 977 484 1029 ut
502 975 636 1029 remoto
655 969 818 1052 imperio,
846 986 885 1030 ac
905 969 940 1033 vi
964 979 1048 1055 pote

107 1084 152 1138 et
165 1068 320 1142 falcium,
355 1063 557 1154 publicanos
574 1072 660 1131 'cum
684 1065 826 1132 Graecis
847 1071 957 1155 gratia
978 1079 1048 1135 eta

111 1178 215 1239 ritate
238 1175 435 1254 coniungas.
491 1162 564 1231 Sed
589 1177 623 1230 et
644 1169 685 1231 eh
705 1171 768 1242 iis,
801 1167 844 1233 de
869 1171 993 1252 quibus
1014 1191 1048 1257 ⁰l

114 1285 156 1338 tu
168 1275 312 1334 meritus
327 1289 376 1342 es,
396 1280 431 1332 et
446 1272 504 1351 qui
518 1271 581 1333 tibi
596 1275 710 1346 omnia
725 1269 863 1345 dehent,
884 1268 953 1336 hoc
971 1282 1048 1358 peta

113 1371 275 1442 facilitate
290 1367 364 1443 sua,
385 1389 450 1435 nos
468 1389 543 1433 earn
557 1368 850 1446 necelfitudinem,
871 1369 1021 1455 quaeest
1039 1395 1048 1437 1

114 1498 196 1543 eum
211 1471 427 1561 publicanis,
462 1473 637 1545 obtinere,
674 1483 709 1537 et
734 1463 930 1539 conservare
958 1478 1048 1560 petia

114 1575 188 1644 Sed
203 1573 283 1658 quid
300 1595 363 1660 ego
382 1585 416 1637 te
432 1570 515 1638 haec
531 1570 670 1645 hortor,
692 1594 776 1657 quae
791 1587 829 1639 tu
843 1597 913 1639 non
929 1573 1036 1640 modo

113 1700 155 1744 re
179 1687 279 1765 potes
305 1687 363 1739 tua
383 1671 501 1761 sponte
531 1672 597 1738 fine
622 1678 820 1756 cuiusquam
840 1682 1048 1764 praeceptis,

108 1783 217 1845 etiam
233 1795 354 1867 magna
369 1780 435 1839 iam
452 1790 606 1864 exparte
629 1772 819 1864 perfecisti?
852 1799 925 1841 non
951 1785 1044 1844 enim

115 1877 206 1945 stunt
218 1880 317 1943 nobis
334 1898 434 1965 agere
448 1879 597 1962 quotidie
610 1882 732 1966 gratias
747 1875 1002 1954 honestisfimae,
1027 1902 1048 1945 e·

114 1986 226 2048 ramae
240 1977 415 2046 societates
423 2000 434 2066 3
456 1979 549 2066 quod
565 1979 702 2066 quidem
714 1975 801 2045 mihi
814 1978 944 2046 idcirco
958 1986 1048 2049 iucur

492 2186 766 2206 υι-ιι--υ-ιιι-ι
783 2194 787 2200 -

159 2334 189 2393 in
219 2333 399 2410 pactionibus
426 2331 599 2414 faciendis]
655 2333 892 2414 provincialibus
920 2335 1046 2419 publica

114 2420 283 2498 pactionum
294 2416 601 2501 nominequidfigni·
655 2418 727 2502 lege
760 2417 913 2495 censoria,
964 2439 1048 2504 utpol

115 2506 187 2566 licet
202 2502 390 2588 cognoscere
413 2523 450 2562 ex
468 2505 600 2562 Verrina
655 2503 739 2585 ipson
760 2508 927 2588 iniquiore,
945 2511 1048 2569 omnin

114 2590 170 2653 111.
202 2586 380 2670 pollumnr,
419 2591 452 2647 in
476 2585 601 2668 quade
656 2588 805 2662 colerent,
826 2588 966 2671 polluat,
981 2595 1048 2675 inq1

114 2690 186 2737 toto
203 2673 265 2736 hoc
279 2693 393 2757 genere
406 2670 503 2731 multa
517 2690 603 2733 com·
657 2693 731 2735 cero
759 2675 965 2756 provinciales
1008 2698 1048 2759 qu

112 2776 337 2823 memorantur.
373 2759 533 2818 Pertinent
547 2776 602 2816 au·
657 2757 756 2819 modo
773 2764 934 2840 pactiones
954 2762 1048 2824 facer«

109 2860 179 2907 tem
200 2842 278 2908 haec
297 2846 467 2924 praecipue
489 2841 530 2902 ad
551 2843 600 2898 da·
656 2842 844 2924 publicanis,
866 2848 959 2906 etiam
979 2845 1003 2906 li
1021 2866 1048 2908 n«

115 2950 222 2991 cumas.
285 2931 369 2988 Nam
406 2947 503 3007 quum
537 2923 601 2986 hoc
656 2928 750 3008 plane
791 2930 1024 2993 conditionibus

113 3013 246 3097 ,vectigal
260 3033 296 3073 ex
311 3031 463 3072 annorum
477 3014 601 3071 ratione
656 3011 724 3073 sunt
743 3033 759 3071 a
774 3010 949 3076 censoribus
964 3020 996 3076 in
1012 3035 1048 3076 va

115 3113 148 3159 et
165 3100 290 3182 frugum
313 3099 405 3176 copia
421 3107 475 3154 aut
492 3099 601 3173 inopia
655 3097 732 3157 lium
765 3097 925 3160 locatione
948 3098 1045 3161 consti

114 3181 213 3245 modo
231 3186 330 3243 minus
352 3177 451 3240 modo
469 3179 600 3259 ampliua
656 3198 691 3242 ut
712 3180 771 3241 scil.
792 3189 956 3267 negotium
971 3187 1048 3266 aliqu

115 3262 515 3346 ellet,pacilcipublicanos
530 3283 601 3324 cum
658 3265 822 3328 conficiant
837 3283 871 3330 et
891 3288 930 3329 ea
950 3267 1048 3331 molel

115 3348 289 3414 aratoribus
315 3346 495 3428 oportebat.
538 3345 599 3405 Ho·
659 3349 824 3423 berentur,
870 3375 965 3434 quam
997 3375 1048 3435 cap

115 3448 188 3496 totu.
232 3434 303 3498 Vid.
323 3433 481 3495 Burmann
496 3431 603 3494 deve·
660 3434 1048 3517 quumseapublicaniet

64 3518 71 3529 ’
115 3519 276 3605 ctigalibua
291 3520 325 3579 P.
339 3519 378 3580 R,
391 3539 425 3598 p.
443 3531 510 3598 159.
660 3523 712 3581 die
735 3521 889 3602 appellari
916 3539 1012 3606 atque
1041 3545 1048 3584 ι

158 3609 335 3684 conlegam
350 3603 487 3680 spectare
507 3602 601 3678 censo·
658 3604 774 3667 vident.
817 3602 938 3666 Manat.

115 3690 216 3774 riam]
260 3708 343 3773 quae
357 3691 390 3753 in
404 3687 603 3770 pactionibus
694 3689 869 3774 societates]
890 3691 1048 3773 publicant

115 3774 264 3840 faciendis
281 3770 456 3835 consuleret
475 3776 604 3854 provin·
660 3789 749 3836 erant
781 3781 863 3836 enim
900 3782 933 3838 in
962 3778 1048 3858 plura

117 3859 244 3923 cialibus
264 3861 388 3941 potius,
425 3876 519 3939 quam
545 3876 604 3939 pu·
661 3863 786 3920 cietatee
819 3859 978 3940 dispertiti.
1027 3861 1048 3922 d

116 3946 253 4011 blicanis.
309 3943 384 4024 Qua
415 3941 457 4003 de
495 3938 605 4015 causa,
661 3945 712 4004 Sic
728 3959 805 4004 orat.
821 3966 881 4024 pro
898 3947 1002 4010 Plano.
1020 3972 1048 4012 ca

116 4022 215 4117 guum
229 4030 393 4112 pactiones
414 4028 518 4091 iacere
534 4046 606 4096 curu
662 4027 721 4114 Ep.
738 4029 781 4092 ad
792 4029 861 4101 Diu.
875 4031 962 4094 xm.
977 4053 1009 4116 9.
