2506 4808
348 255 627 378 urrsroua
670 312 819 379 cxxr.

1038 335 1097 397 135

160 498 309 564 Marium
340 512 452 564 autem
480 498 631 563 nostrum
661 505 697 563 in
724 499 880 564 lecticam
901 497 1098 566 mehercule

61 600 300 692 coniecissem,
364 623 434 665 non
476 601 568 672 illam
604 605 695 686 regis
733 599 915 667 Ptolemaei
961 601 1099 669 Anicia·

59 724 152 767 nam.
216 701 362 766 Memini
389 707 478 766 enirn
509 723 611 784 quum
641 700 815 766 hominem
842 717 1016 791 portarem
1052 707 1096 774 ad

60 802 177 877 Baiae,
205 802 366 889 Neapoli,
395 799 589 888 octophoro
609 799 796 876 Aniciano,
825 803 1094 895 ¹machaeropho-

61 911 113 969 ris
132 916 270 968 centum
287 903 520 986 sequentibus,
542 911 647 969 miros
664 905 746 969 risus
763 926 826 968 nos
844 907 966 982 eriere,
992 933 1096 993 quum

61 1006 120 1071 ille
142 1012 280 1092 ignarus
303 1005 351 1069 sui
374 1011 572 1078 comitatus,
608 1021 749 1094 repente
772 1013 902 1094 aperuit
920 1009 1097 1085 lecticam,

64 1120 101 1171 et
120 1129 225 1194 paene
241 1105 296 1169 ille
316 1110 458 1179 timore,
478 1128 541 1192 ego
555 1105 621 1169 risu
636 1114 760 1173 corrui.
803 1108 922 1183 Hunc,
944 1124 982 1174 ut
1001 1112 1096 1186 dico,

22 1194 26 1202 ’
65 1221 160 1273 certe
182 1206 393 1279 sustulissem,
414 1207 645 1288 utaliquando
662 1207 879 1272 subtilitatem
895 1218 1022 1276 veteris
1044 1234 1098 1276 ur·

64 1312 241 1381 bonitatis,
274 1323 317 1372 et.
333 1300 556 1373 iuunanisfimi
579 1311 740 1375 sermonis
765 1316 978 1398 attingerem.
1025 1312 1098 1380 Sed

64 1408 240 1474 hominem
262 1408 434 1475 infirmum
455 1415 491 1473 in
514 1409 626 1475 villam
649 1407 819 1497 apertam,
848 1433 886 1474 ac
910 1436 954 1477 ne
977 1415 1099 1479 rudem

68 1511 204 1594 quidem
226 1517 454 1584 etiamnunc,
484 1515 625 1576 invitare
648 1511 752 1576 nolui.
803 1511 881 1576 Hoc
905 1536 985 1578 tero
1015 1514 1100 1580 mihi

65 1611 235 1701 peculiare
259 1614 380 1686 suerit,
414 1611 470 1676 hic
490 1617 590 1676 etiam
612 1609 673 1677 isto
699 1611 780 1675 frui.
845 1612 932 1678 Nam
959 1614 1099 1681 illorum

448 1787 718 1805 -ι--ιᾳι-

67 1877 253 1960 transposita
267 1873 338 1947 esse,
349 1893 380 1938 et
393 1877 470 1937 insra
485 1876 557 1957 post

68 1968 164 2029 verba
180 1970 216 2022 de
230 1966 378 2038 republica
392 1963 556 2042 ponenda,

69 2053 125 2111 ubi
149 2049 251 2110 sedem
274 2049 358 2107 suam
388 2062 420 2107 et
439 2045 557 2108 sensum

68 2135 160 2197 saclle
176 2149 309 2194 tuentur.

114 2223 198 2278 illam
214 2221 293 2295 regis
308 2212 473 2273 Ptolemaei
488 2211 558 2272 Ani-

71 2303 209 2387 cianam]
245 2323 337 2383 quam
363 2301 560 2360 Ptolemaeus

71 2413 142 2461 rex,
156 2393 278 2450 Romae
292 2407 388 2467 quum
406 2383 490 2458 esset,
506 2383 561 2443 fibi

71 2480 152 2558 poni
193 2487 354 2532 curaverat
375 2543 377 2548 ,
401 2468 562 2550 magnifice

73 2562 228 2639 donoque
243 2558 356 2616 deinde
369 2556 515 2626 dederat,
528 2569 563 2612 ut

73 2646 215 2714 videtur,
234 2646 343 2701 Anicio
365 2641 504 2710 cuidam,
526 2637 560 2697 sl·

74 2751 114 2791 re
140 2729 302 2795 creditori,
325 2724 384 2782 sive
407 2724 562 2794 familiari,

77 2819 164 2875 cuius
174 2832 269 2891 opera
282 2808 348 2868 usus
359 2811 563 2870 eratllomae.

75 2900 151 2959 Erat
164 2898 215 2955 illa
229 2897 335 2954 lectica
354 2893 563 2973 octophoroe3

42 2994 45 2999 ’
78 2982 303 3046 comitatusille
317 2976 565 3057 machaeropho-

77 3090 147 3128 rum
176 3081 299 3125 centum
326 3066 428 3122 suerat
450 3068 567 3142 opinor

71 3154 269 3220 Ptolemaei,
293 3169 387 3227 quem
403 3153 464 3207 ioci
479 3145 567 3206 causa

78 3242 215 3297 imitatus
240 3233 283 3293 est
305 3236 432 3303 Cicero,
470 3252 567 3311 quum

79 3325 217 3384 Marium
237 3320 350 3377 lectica·
373 3318 509 3376 deferret
527 3315 569 3373 ad

80 3408 180 3466 Baias.
230 3401 356 3476 Errasti.
409 3403 568 3461 Manutius

81 3507 174 3572 putat
195 3483 444 3569 casueontigilse
461 3500 497 3544 ut
517 3505 570 3544 ea·

84 3577 156 3635 dem
184 3579 231 3633 via
258 3571 329 3652 poll
356 3569 570 3650 octopltorum

82 3664 267 3721 Aniciorum
298 3657 500 3735 sequerentur
526 3653 572 3712 illi

82 3740 356 3821 machaerophori.
414 3742 502 3800 Fieri.
527 3755 573 3798 ta·

84 3851 157 3890 men
177 3832 298 3908 potuit,
315 3843 351 3884 ut
370 3830 432 3886 ioci
448 3821 536 3884 causa
555 3844 573 3882 ι

85 3917 198 3974 Cicero
212 3927 336 3971 centum
349 3914 445 3969 Anicii
462 3907 573 3981 servos,

85 4003 171 4058 cuius
194 3996 266 4055 villa
297 4012 365 4057 erat
391 4000 425 4054 in
448 3995 575 4062 ricinia,

85 4084 291 4155 conduceret,
314 4096 348 4140 ut
371 4101 467 4162 quum
488 4077 576 4138 lecti-

613 1874 680 1938 cam
702 1878 844 1959 undique
866 1892 1041 1938 contectam
1069 1883 1102 1941 et'

613 1963 744 2024 velatam
762 1979 837 2022 octo
857 1960 931 2022 servi
949 1966 980 2022 in
993 1961 1104 2024 hume·

614 2069 666 2108 ros
696 2043 895 2121 sustulissent,
937 2067 1008 2107 cum
1036 2066 1109 2109 mae·

616 2133 733 2193 chaerie
787 2131 996 2212 sequerentur.
1062 2133 1104 2195 Et

617 2239 712 2299 quum
735 2218 820 2277 sorte
839 2219 955 2276 Mariua
975 2232 1102 2278 remoto

615 2302 775 2383 paululum
792 2301 862 2361 velo
879 2317 974 2380 caput
988 2321 1006 2360 e
1019 2301 1106 2362 lecti·

617 2410 651 2448 ca
669 2383 849 2457 exseruisset,
861 2390 1109 2466 armatiorepen··

617 2490 649 2533 te
664 2471 838 2530 hominibus
854 2469 1022 2549 conspectis
1040 2490 1109 2530 mar·-

618 2576 759 2640 gnopere
767 2552 1007 2626 conterraneos,
1019 2553 1111 2635 quast¹

617 2644 661 2702 illi
681 2639 839 2701 custodiae
862 2639 950 2699 causa
970 2638 1105 2720 appoliti

618 2728 649 2789 se
673 2730 827 2804 captivum
842 2726 1000 2785 ducerent.

662 2832 749 2887 quarm
771 2813 916 2889 homirzem
931 2807 1106 2892 portarem]

620 2901 640 2956 i.
669 2917 697 2954 e.
730 2898 827 2954 sinicii.
863 2899 894 2953 in
923 2895 1031 2953 lectica
1066 2896 1110 2952 ad-

621 2983 710 3040 Baiae
729 2979 918 3058 portandum
936 2999 1085 3039 curarem.
1108 2998 1112 3005 ’

666 3067 740 3121 hirec
760 3075 791 3120 ut
815 3063 906 3146 dico]
936 3065 981 3123 lta
1004 3062 1111 3145 legend

625 3150 698 3209 dum
738 3145 799 3207 esse
837 3150 913 3208 vidit
942 3150 1113 3208 Manutiur

623 3236 748 3315 Vulgo:
777 3243 846 3290 tunc
865 3234 987 3290 aidica.
1019 3260 1022 3267 ·
1105 3252 1115 3281 ·'

668 3321 698 3376 iu
721 3320 824 3374 villam
843 3318 1000 3401 apertum]
1038 3320 1059 3380 i.
1082 3337 1113 3380 ο.

624 3407 656 3462 in
694 3401 824 3461 domum
856 3402 1018 3462 villaticum
1046 3419 1113 3464 turn

625 3486 765 3546 nondum
786 3490 825 3544 ira
852 3483 1053 3558 exstructam,
1077 3486 1116 3548 ut'

626 3572 681 3631 sub
700 3586 784 3631 tecto
799 3566 859 3628 esse
873 3584 904 3628 et
921 3569 1062 3631 habitare
1077 3570 1117 3630 lii

629 3671 728 3724 ceret;
762 3659 859 3712 immo
880 3675 920 3714 ne
940 3676 1023 3714 nunc
1047 3658 1116 3734 qui-¹

630 3743 757 3800 demite
772 3737 976 3810 aedificatam,
991 3755 1024 3797 ut
1037 3739 1118 3799 rude

628 3821 722 3906 possit
745 3823 917 3883 aedificium
947 3821 1117 3902 appellari,

630 3926 748 3970 tantum
763 3907 847 3968 abest
863 3922 897 3967 ut
915 3909 1068 3972 excultum
1081 3922 1119 3969 et

631 3995 821 4076 perpolitum
845 3991 890 4052 sit.
994 4036 998 4044 .
1107 4014 1117 4045 r

632 4112 652 4133 -.
675 4077 824 4160 illorum]-
836 4096 937 4159 aquae
964 4075 1023 4138 tibi
1040 4076 1120 4139 nuti
