2506 4808
138 283 187 359 8⁰
295 274 299 290 ¹
433 275 711 349 EPISTULA
759 280 879 351 XXI.

140 471 329 545 bonorum,
352 491 629 554 unumquemque
650 467 880 545 confirmans,
910 478 1065 542 excitans

139 567 309 637 sectandis
332 592 434 646 vero,
463 570 741 660 exagitandisque
762 580 962 640 nummariis
982 578 1065 642 indit

138 693 282 739 omnem
302 673 462 737 omnibus
485 670 655 745 studiosis,
683 695 720 736 ac
743 674 931 740 fautoribus
952 676 1047 743 illius

138 778 211 839 riae
233 775 409 861 παῤῥησίαν
437 758 747 861 eripui;'Pisonem
770 774 943 840 consulem
963 777 1057 843 nulla

140 872 317 940 consistere
339 894 486 956 unquam
509 871 581 936 sum
592 873 718 961 passus;
742 875 936 965 desponsam
951 877 1065 945 homin

117 975 278 1068 ¹Syriam
299 975 430 1058 ademi3
466 973 616 1040 senatum
643 975 684 1038 ad
709 975 883 1063 pristinam
905 978 997 1043 suam
1018 980 1065 1049 set

137 1091 211 1143 tem
227 1083 393 1153 revocavi,
415 1090 515 1161 atque
530 1077 700 1142 abiectum
716 1082 877 1160 excitavi3
902 1079 1065 1163 Clodium

138 1179 268 1245 sentem
289 1181 376 1268 fregi
394 1185 432 1243 in
453 1176 570 1243 senatu
594 1199 698 1262 quum
718 1183 875 1243 oratione
894 1195 1061 1269 perpetua

88 1284 92 1291 '
138 1279 269 1346 niffima
284 1286 477 1369 gravitatis,
498 1293 572 1347 tum
595 1279 813 1343 altercatione
829 1284 1016 1357 eiusmodi,
1042 1306 1065 1349 e:

82 1446 85 1468 ,
138 1381 221 1453 lieet
232 1404 339 1472 pauca
353 1382 522 1472 degustes.
566 1381 655 1446 Nam
679 1390 792 1443 cetera
805 1402 878 1445 non
893 1381 1030 1469 possunt
1046 1384 1065 1449 h

137 1507 250 1569 neque
271 1490 360 1558 vim,
398 1505 509 1566 neque
536 1481 763 1556 venustatem,
804 1496 939 1549 remoto
968 1484 1029 1550 illo
1059 1496 1065 1551 1

140 1591 388 1659 contentionis,
411 1607 513 1669 quem
535 1584 640 1661 οἷγῶνα
665 1605 727 1649 vos
752 1583 939 1671 appellatis.

107 1703 130 1767 5
145 1756 149 1763 ,
222 1687 330 1761 Nam,
346 1699 386 1752 ut
399 1687 482 1750 idib.
494 1685 577 1750 Maii
593 1690 630 1748 in
645 1682 796 1749 senatum
810 1694 1054 1764 convenimus,

136 1803 193 1859 tus
218 1813 283 1878 ego
307 1788 522 1860 sententiam,
543 1784 648 1850 multa
670 1786 742 1851 dixi
758 1789 801 1852 de
821 1787 948 1854 summa
963 1812 1001 1854 re
1014 1795 1065 1879 pu

136 1906 238 1976 atque
252 1890 309 1955 ille
321 1890 419 1955 locus
435 1888 595 1953 inductus
612 1909 630 1951 a
646 1909 701 1951 me
718 1888 766 1954 est
779 1891 956 1956 divinitus:
988 1917 1062 1967 „ne

39 2014 48 2029 ‘
135 1994 235 2084 plaga
256 2003 410 2079 accepta,
433 1988 551 2058 Patres
576 1988 758 2077 conscripti
785 1992 1025 2067 conciderent,
1047 2018 1065 2059 n

133 2093 293 2176 ficerent3
330 2091 451 2158 vulnus
472 2090 535 2156 esse
559 2090 745 2164 eiusmodi,
777 2093 869 2175 quod
889 2092 973 2159 mihi
996 2118 1061 2160 nec

45 2212 50 2221 ·
114 2194 350 2289 molendum,
384 2214 449 2258 nec
476 2191 780 2280 pertimescendum
806 2194 994 2277 videretnr3
1029 2220 1065 2263 nt

134 2297 320 2364 metuendo
337 2292 553 2383 ignavissimi,
573 2305 630 2357 ant
643 2295 834 2380 ignorando
851 2294 1026 2363 stultissimi
1044 2303 1065 2362 it

133 2419 261 2466 remur.
301 2396 362 2462 Bis
385 2394 571 2463 absolutum
592 2394 869 2472 detenturum,
893 2401 946 2465 bis
965 2398 1065 2465 Catili

176 2681 207 2756 4.
237 2675 335 2754 dyona
357 2695 409 2734 tros
430 2672 619 2757 appellatis]
668 2672 671 2679 '
720 2685 772 2733 aut
787 2672 984 2757 ignorando]
1033 2671 1065 2734 ht

132 2761 289 2851 Loquitur
317 2780 388 2822 cum
420 2763 524 2822 Attico
554 2775 620 2820 tan·
675 2759 775 2819 fertur
790 2760 830 2819 ed
845 2764 1031 2820 antecedens
1047 2781 1065 2815 n

131 2868 229 2930 quem
242 2867 313 2907 cum
334 2844 463 2907 homine
483 2846 619 2914 Graeco,
669 2844 880 2919 sirnufflandum
917 2844 999 2902 Nam
1023 2865 1064 2924 qu

130 2952 166 3014 q.
181 2932 212 2995 d.
238 2951 332 3014 quem
350 2929 621 3010 Graecipopule·
676 2945 897 3008 :inrepertum
922 2926 1065 2987 diffimulr

131 3037 183 3078 rer
204 3020 250 3077 tui
274 3017 371 3092 α’γῦνα
397 3014 567 3093 appellent.
676 3015 821 3074 videtur
811 3033 976 3095 ignorare
999 3032 1065 3093 qun

146 3115 207 3174 ..5
226 3096 391 3182 divinitus]
411 3098 544 3160 Errabat
560 3100 619 3159 Ce·
674 3097 916 3179 facilepoffnnt:
937 3098 1065 3179 ideoqut

131 3154 288 3252 fnubonue
312 3205 410 3267 quum
439 3182 502 3242 hoc
525 3205 618 3244 voca·
674 3179 799 3244 tiffimus
820 3182 982 3242 iudicetur.

131 3267 241 3330 bulum
252 3266 617 3353 semperfigmfrcarepu
721 3264 900 3350 Lentulum]
930 3286 1000 3325 eum
1018 3273 1065 3347 qui

130 3352 238 3428 tebet,
267 3356 373 3414 divino
397 3350 544 3428 confilio,
569 3354 617 3414 vel
675 3353 807 3413 Catilina
837 3357 1027 3424 coniuravit,
1053 3347 1056 3355 ’

127 3439 194 3503 deo
211 3456 340 3501 auctore
360 3453 392 3499 et
409 3438 616 3519 compulsore.
674 3458 798 3498 carcere
810 3452 936 3496 necatus
954 3432 1005 3498 est.
1038 3432 1065 3491 d

129 3522 232 3585 Immo
248 3523 367 3603 saeptus
386 3521 471 3584 uth.
489 3525 508 3586 l.
531 3525 617 3605 opud
720 3519 902 3603 Catilinam]
927 3520 1065 3580 Etiemin

127 3608 316 3675 Ciceronem
336 3613 475 3687 ponitur,
495 3631 556 3691 pro
573 3612 616 3668 di·
672 3610 760 3667 tione
773 3612 805 3666 in
817 3604 978 3666 Pisonem·
1000 3616 1065 3662 ute

118 3716 216 3767 atne,
237 3695 463 3754 admirabiliter.
504 3697 615 3754 Sicdt'·
671 3695 792 3779 iuquit,
821 3695 863 3749 bis
892 3685 985 3748 Catil·
962 3693 1065 3748 lrnao

128 3782 240 3840 trinitus
266 3783 347 3836 dicta
369 3781 409 3838 de
426 3774 513 3841 Oret.
528 3780 568 3841 Π
585 3802 614 3839 2.
672 3787 730 3850 tus,
750 3778 865 3853 emissus
882 3776 973 3833 etiam
990 3777 1065 3833 ille:

128 3862 199 3927 sunt
222 3868 346 3947 egregie
368 3884 422 3925 aut
444 3863 615 3945 pulcherri·
671 3874 738 3920 tuus
761 3864 949 3938 provinciae,
983 3881 1065 3940 quun

128 3968 180 4011 me
203 3949 295 4009 dicte.
330 3950 380 4009 Sic
403 3949 479 4012 ibid.
501 3949 541 4012 II.
561 3962 613 4028 45.
669 3968 758 4023 prum
774 3942 872 4003 Bonae
888 3941 1048 4005 Duae
993 3950 1065 4022 pulo

129 4032 272 4093 diuinitus
293 4045 433 4097 tractare.
670 4037 721 4089 bus
750 4026 923 4109 intulcssed'
957 4030 1028 4116 Ego
1057 4048 1065 4095 t
