2506 4808
123 317 187 381 3¹²
407 294 695 367 EPISTOLA
742 300 876 369 Lxx.
943 290 946 294 ¹

127 491 255 573 agatis,
275 497 334 551 arat
349 508 416 569 quo
434 486 549 551 modo.
590 487 730 553 Utinam
750 488 854 555 modo
877 502 1006 577 agatur
1028 490 1160 577 aliquid!

126 594 162 655 in
178 610 243 671 quc
261 588 332 675 ipso
347 588 453 653 multa
468 588 642 655 occultant
655 602 731 655 tuae
743 589 883 663 literae,
904 592 1034 669 credo,
1055 618 1098 661 ne
1113 618 1155 661 re·

127 687 322 757 henrentius
339 690 574 779 desperatione
587 694 781 779 perturber.
833 688 929 783 Quid
956 700 1050 759 enim
1070 696 1150 763 ridet

130 795 181 877 agi
206 790 317 875 posse,
354 803 409 855 aut
431 814 499 876 quo
521 791 648 858 modo?
682 813 744 880 per
769 790 992 859 senatumne?
1021 794 1069 861 alt
1089 808 1147 861 tuta
1190 822 1197 841 >·

128 886 278 977 scripsisti
302 891 438 966 adme,
476 907 577 982 caput
599 894 686 981 legis
703 892 863 959 Clodium
883 900 921 961 in
945 902 1059 962 curiae
1069 894 1146 985 polit
1188 934 1191 939 ·

130 989 255 1066 fixisse,
277 1014 321 1057 ne
335 994 474 1067 referri,
499 1017 585 1061 neve
605 996 672 1061 dici
693 994 825 1059 liceret.
878 992 959 1085 Quo
982 997 1083 1063 modo
1098 1002 1143 1085 igi.

129 1104 186 1159 tur
206 1093 375 1159 Domitius
394 1094 427 1159 l'e
443 1095 531 1161 dixit
545 1092 755 1161 relaturum?
777 1116 843 1179 quo
857 1098 966 1163 modo
981 1111 1090 1165 autem
1100 1104 1141 1173 iir,

131 1216 217 1278 quos
242 1209 282 1259 tu
307 1191 443 1269 scribis,
468 1198 564 1261 etde
587 1219 625 1261 re
648 1198 861 1272 dicentibus,
885 1211 940 1274 et,
960 1213 1001 1265 ut
1022 1202 1139 1269 referre·

130 1310 206 1372 tur,
237 1296 501 1385 postulantibus,
532 1298 675 1365 Clodius
696 1296 826 1363 tacuit?
855 1320 913 1375 ac,
943 1300 965 1367 fi
980 1326 1044 1392 per
1057 1324 1154 1393 popu.

130 1396 223 1471 lum,
259 1408 448 1485 poteritne,
490 1398 550 1465 uili
572 1400 616 1463 tle
637 1405 790 1465 omnium
811 1404 1028 1470 tribunorum
1050 1404 1141 1495 plebis

130 1498 319 1565 sententia?
351 1504 429 1586 qnid
453 1498 642 1569 debonis?
673 1503 815 1586 quidde
834 1500 965 1571 domu?
991 1512 1138 1594 poterint

132 1598 285 1669 restitui?
315 1617 389 1679 ant,
421 1603 533 1669 finon
553 1608 697 1691 poterit,
730 1618 868 1692 egomet
888 1628 958 1691 quo
980 1608 1081 1673 modo
1096 1628 1138 1697 pt·

133 1702 233 1769 tero?
270 1704 353 1771 hacc
370 1704 427 1770 nisi
442 1707 537 1771 vi‹.les
554 1704 728 1793 expediri,
759 1729 856 1793 quam
875 1713 911 1771 in
933 1706 1025 1796 spem
1040 1714 1152 1775 naeru'

134 1804 217 1872 cas?
248 1805 293 1871 fin
316 1821 425 1873 autem
449 1808 516 1895 spei
534 1806 617 1871 nihil
640 1806 704 1880 cl't,
727 1830 810 1891 quae
826 1808 874 1873 cst
889 1807 974 1873 milri
989 1810 1077 1875 vita?
1097 1816 1139 1875 ite

134 1912 200 1996 tine
221 1912 377 1999 exspecto
392 1906 650 1973 Thessalonicae
671 1919 745 1971 acta
764 1906 832 1971 ltal-
852 1906 955 1975 Sext.
977 1932 1022 1975 ex
1043 1914 1142 1999 quibat

133 1998 291 2086 statuam,
329 2017 364 2076 in
393 2024 519 2075 tuosne
551 2031 652 2097 agros
675 2006 887 2097 confugiam,
921 2024 963 2075 ut
981 2004 1143 2110 neque-tif

135 2114 232 2193 deam
257 2112 431 2186 homineS,
472 2133 557 2194 quos
586 2111 712 2184 nolim,
749 2122 783 2175 et
809 2123 862 2185 te,
890 2123 931 2177 ut
954 2114 1089 2193 scribis,
1109 2120 1143 2185 tit

135 2214 252 2298 deam,
275 2226 308 2276 et
323 2218 463 2302 propius
479 2210 555 2285 fim,
580 2210 601 2274 fi
620 2214 699 2295 quid
714 2224 849 2301 agatur;
874 2214 999 2298 (idque
1014 2216 1143 2283 intellexi

136 2334 239 2399 quum
260 2318 343 2391 tibi,
365 2329 439 2381 tum
454 2313 585 2405 Quinto
599 2314 695 2379 fratri
713 2314 885 2405 placere3)
910 2336 954 2381 an
971 2318 1145 2411 abeamCy·

135 2424 259 2485 zicum.
1079 2438 1082 2445 ’

105 2543 125 2600 7
144 2592 151 2603 ‚
217 2518 316 2603 Nunc
330 2514 512 2603 Pomponi,
534 2519 692 2597 quoniam
705 2512 791 2581 nihil
803 2504 985 2604 impertisti
999 2534 1079 2587 tuae
1091 2544 1150 2609 pru

131 2621 267 2688 dentiae
291 2619 332 2683 ad
356 2617 493 2681 salutem
517 2638 642 2690 meam,
668 2616 760 2701 quod
785 2622 895 2683 autin
916 2622 1066 2709 incipio
1086 2624 1148 2689 satis

132 2723 198 2787 esse
222 2718 348 2787 consilii
371 2718 549 2790 decreram,
576 2730 633 2783 aut
657 2730 690 2781 te
713 2716 800 2783 nihil
821 2718 898 2807 plus
922 2720 1011 2788 mihi
1033 2725 1153 2799 debere,

132 2844 230 2909 quam
250 2836 288 2888 ut
303 2818 437 2907 praesto
460 2818 565 2902 esses3
597 2824 822 2904 quoniamque
837 2840 902 2907 ego
922 2825 1102 2909 proditus,
1117 2832 1156 2895 in·

132 2927 280 2997 ductam,
315 2928 490 2985 coniectus
511 2927 547 2985 in
569 2921 742 2995 fraudem,
777 2928 890 2987 cannia
910 2946 989 2991 mea
1008 2926 1159 3017 praefidit
1195 2952 1197 2959 ·

132 3025 290 3115 neglexi3
320 3036 430 3089 totam
450 3024 580 3090 ltaliam
603 3038 751 3087 erectam
768 3024 881 3089 adme
903 3024 1159 3101 defendendum,

515 3241 786 3271 ———-—··b

134 3402 166 3448 et
178 3388 362 3448 nominatim
379 3400 487 3446 contra
501 3407 552 3446 me
564 3382 625 3462 est;
680 3398 714 3444 te
736 3382 820 3445 dicit.
868 3385 910 3447 Et
929 3384 1028 3467 supra
1051 3408 1101 3471 cp.
1121 3386 1165 3451 66.

132 3478 271 3555 priorem
282 3476 459 3555 netangite.
481 3468 601 3531 Mutant.
682 3470 722 3529 do
737 3469 847 3529 eadem
863 3493 900 3531 re
917 3472 1061 3539 dixerat:
1085 3476 1166 3533 idem·

30 3616 34 3624 ,
177 3569 240 3618 tate
247 3559 391 3634 scripsisti
407 3561 447 3615 ad
461 3556 532 3641 me]
561 3556 624 3617 vid.
682 3575 740 3636 que
753 3566 842 3630 caput
860 3561 1036 3636 rogationis
1048 3557 1167 3637 proponi

132 3640 224 3724 supra
240 3664 290 3723 ep.
309 3646 360 3704 66.
673 3641 789 3717 scribis.
1193 3651 1197 3727 t

177 3726 378 3810 capntsegis]
412 3727 517 3809 Vulgo
528 3726 623 3804 quod·
724 3728 755 3785 ia
774 3734 877 3785 tuosne
895 3727 1015 3813 agros]
1066 3730 1169 3814 Epiro·

135 3816 206 3875 dam
222 3826 310 3891 caput
324 3814 410 3891 legis.
453 3810 516 3869 Sed
533 3811 622 3885 quod·
681 3813 771 3871 sicot.

134 3904 206 3959 dam
234 3921 340 3959 verum
364 3894 424 3958 ell'e
447 3914 514 3953 non
535 3890 624 3973 polle
724 3916 753 3973 7.
782 3905 913 3953 erectam
940 3902 985 3957 ad
1007 3922 1059 3961 me
1079 3898 1170 3973 defel-

133 3986 208 4046 uidit
223 3981 351 4049 Ernesti,
372 3987 445 4060 quia
462 3980 575 4039 deinde
589 3979 624 4039 il·
683 3979 835 4065 dandam]
865 3982 957 4045 Male
974 3986 1074 4073 vulgo
1084 3976 1119 4047 ¹ia
1132 4004 1173 4049 ms

133 4068 192 4151 lud
205 4085 300 4151 caput
314 4067 404 4149 quod
421 4067 515 4125 suerit
532 4063 625 4127 diser·
682 4076 820 4137 macram.
