<?xml version="1.0" encoding="UTF-8"?>
<!DOCTYPE html PUBLIC "-//W3C//DTD XHTML 1.0 Transitional//EN"
    "http://www.w3.org/TR/xhtml1/DTD/xhtml1-transitional.dtd">
<html xmlns="http://www.w3.org/1999/xhtml" xml:lang="en" lang="en">
 <head>
  <title>
</title>
<meta http-equiv="Content-Type" content="text/html;charset=utf-8" />
  <meta name='ocr-system' content='tesseract 3.04.00' />
  <meta name='ocr-capabilities' content='ocr_page ocr_carea ocr_par ocr_line ocrx_word'/>
</head>
<body>
  <div class='ocr_page' id='page_1' title='image "./mtciceronisepis00billgoog/mtciceronisepis00billgoog_0405.png"; bbox 0 0 2506 4808; ppageno 0'>
   <div class='ocr_carea' id='block_1_1' title="bbox 166 314 937 412">
    <p class='ocr_par' dir='ltr' id='par_1_1' title="bbox 166 314 937 412">
     <span class='ocr_line' id='line_1_1' title="bbox 166 314 937 412; baseline -0.021 -12"><span class='ocrx_word' id='word_1_1' title='bbox 166 347 209 412; x_wconf 73' lang='lat' dir='ltr'><strong>ss</strong></span> <span class='ocrx_word' id='word_1_2' title='bbox 425 317 715 390; x_wconf 79' lang='lat' dir='ltr'><strong>·EPISTOLA</strong></span> <span class='ocrx_word' id='word_1_3' title='bbox 756 314 937 390; x_wconf 85' lang='lat' dir='ltr'><strong>xcvtt.</strong></span> 
     </span>
    </p>
   </div>
   <div class='ocr_carea' id='block_1_2' title="bbox 168 504 1215 1212">
    <p class='ocr_par' dir='ltr' id='par_1_2' title="bbox 168 504 1215 1212">
     <span class='ocr_line' id='line_1_2' title="bbox 168 504 1213 585; baseline -0.009 0"><span class='ocrx_word' id='word_1_4' title='bbox 168 514 303 585; x_wconf 77' lang='lat' dir='ltr'><strong>caussam</strong></span> <span class='ocrx_word' id='word_1_5' title='bbox 324 504 490 578; x_wconf 80' lang='lat' dir='ltr'>Lentulus</span> <span class='ocrx_word' id='word_1_6' title='bbox 515 505 703 572; x_wconf 86' lang='lat' dir='ltr'><strong>videbatur.</strong></span> <span class='ocrx_word' id='word_1_7' title='bbox 747 507 785 571; x_wconf 93' lang='lat' dir='ltr'><strong>ln</strong></span> <span class='ocrx_word' id='word_1_8' title='bbox 816 528 854 571; x_wconf 91' lang='lat' dir='ltr'><strong>ea</strong></span> <span class='ocrx_word' id='word_1_9' title='bbox 879 528 918 571; x_wconf 87' lang='lat' dir='ltr'><strong>re</strong></span> <span class='ocrx_word' id='word_1_10' title='bbox 947 526 1010 573; x_wconf 83' lang='lat' dir='ltr'><strong>nos</strong></span> <span class='ocrx_word' id='word_1_11' title='bbox 1036 521 1070 573; x_wconf 88' lang='lat' dir='ltr'><strong>et</strong></span> <span class='ocrx_word' id='word_1_12' title='bbox 1096 506 1213 578; x_wconf 71' lang='lat' dir='ltr'><strong>otiien</strong></span> 
     </span>
     <span class='ocr_line' id='line_1_3' title="bbox 169 605 1212 708; baseline -0.011 -24"><span class='ocrx_word' id='word_1_13' title='bbox 169 641 250 708; x_wconf 86' lang='lat' dir='ltr'><strong>erga</strong></span> <span class='ocrx_word' id='word_1_14' title='bbox 265 614 448 681; x_wconf 85' lang='lat' dir='ltr'>Lentulum</span> <span class='ocrx_word' id='word_1_15' title='bbox 465 605 626 680; x_wconf 84' lang='lat' dir='ltr'><strong>mirifice,</strong></span> <span class='ocrx_word' id='word_1_16' title='bbox 649 621 684 671; x_wconf 84' lang='lat' dir='ltr'><strong>et</strong></span> <span class='ocrx_word' id='word_1_17' title='bbox 699 607 865 673; x_wconf 86' lang='lat' dir='ltr'><strong>voluntati</strong></span> <span class='ocrx_word' id='word_1_18' title='bbox 884 606 1035 695; x_wconf 83' lang='lat' dir='ltr'><strong>Pompeii</strong></span> <span class='ocrx_word' id='word_1_19' title='bbox 1061 612 1212 697; x_wconf 78' lang='lat' dir='ltr'><strong>praecia</strong></span> 
     </span>
     <span class='ocr_line' id='line_1_4' title="bbox 168 708 1212 797; baseline -0.007 -11"><span class='ocrx_word' id='word_1_20' title='bbox 168 741 208 786; x_wconf 84' lang='lat' dir='ltr'><strong>rc</strong></span> <span class='ocrx_word' id='word_1_21' title='bbox 236 717 473 782; x_wconf 71' lang='lat' dir='ltr'><strong>satisfecimus.</strong></span> <span class='ocrx_word' id='word_1_22' title='bbox 518 711 590 778; x_wconf 84' lang='lat' dir='ltr'><strong>Sed</strong></span> <span class='ocrx_word' id='word_1_23' title='bbox 618 731 681 797; x_wconf 89' lang='lat' dir='ltr'><strong>per</strong></span> <span class='ocrx_word' id='word_1_24' title='bbox 707 712 959 773; x_wconf 76' lang='lat' dir='ltr'><strong>obtrectatores</strong></span> <span class='ocrx_word' id='word_1_25' title='bbox 982 708 1126 778; x_wconf 84' lang='lat' dir='ltr'><strong>Lentuli</strong></span> <span class='ocrx_word' id='word_1_26' title='bbox 1157 736 1212 779; x_wconf 84' lang='lat' dir='ltr'><strong>res</strong></span> 
     </span>
     <span class='ocr_line' id='line_1_5' title="bbox 169 808 1214 887; baseline -0.008 -1"><span class='ocrx_word' id='word_1_27' title='bbox 169 821 336 887; x_wconf 81' lang='lat' dir='ltr'><strong>calumnia</strong></span> <span class='ocrx_word' id='word_1_28' title='bbox 353 828 505 882; x_wconf 86' lang='lat' dir='ltr'><strong>extracta</strong></span> <span class='ocrx_word' id='word_1_29' title='bbox 521 811 579 878; x_wconf 83' lang='lat' dir='ltr'><strong>est.</strong></span> <span class='ocrx_word' id='word_1_30' title='bbox 625 809 806 875; x_wconf 83' lang='lat' dir='ltr'><strong>Consecuti</strong></span> <span class='ocrx_word' id='word_1_31' title='bbox 822 808 896 874; x_wconf 89' lang='lat' dir='ltr'><strong>sunt</strong></span> <span class='ocrx_word' id='word_1_32' title='bbox 914 811 987 874; x_wconf 85' lang='lat' dir='ltr'><strong>dies</strong></span> <span class='ocrx_word' id='word_1_33' title='bbox 1004 813 1214 886; x_wconf 82' lang='lat' dir='ltr'><strong>comitiales,</strong></span> 
     </span>
     <span class='ocr_line' id='line_1_6' title="bbox 168 909 1215 1011; baseline -0.008 -25"><span class='ocrx_word' id='word_1_34' title='bbox 168 944 233 1011; x_wconf 86' lang='lat' dir='ltr'><strong>per</strong></span> <span class='ocrx_word' id='word_1_35' title='bbox 255 938 340 1003; x_wconf 88' lang='lat' dir='ltr'><strong>quos</strong></span> <span class='ocrx_word' id='word_1_36' title='bbox 363 916 493 983; x_wconf 89' lang='lat' dir='ltr'><strong>senatus</strong></span> <span class='ocrx_word' id='word_1_37' title='bbox 518 911 634 977; x_wconf 85' lang='lat' dir='ltr'><strong>haberi</strong></span> <span class='ocrx_word' id='word_1_38' title='bbox 656 934 726 976; x_wconf 91' lang='lat' dir='ltr'><strong>non</strong></span> <span class='ocrx_word' id='word_1_39' title='bbox 748 925 894 999; x_wconf 88' lang='lat' dir='ltr'><strong>poterat.</strong></span> <span class='ocrx_word' id='word_1_40' title='bbox 939 909 1031 1000; x_wconf 82' lang='lat' dir='ltr'><strong>Quid</strong></span> <span class='ocrx_word' id='word_1_41' title='bbox 1053 911 1215 980; x_wconf 82' lang='lat' dir='ltr'><strong>futurum</strong></span> 
     </span>
     <span class='ocr_line' id='line_1_7' title="bbox 170 1010 1214 1088; baseline -0.008 -1"><span class='ocrx_word' id='word_1_42' title='bbox 170 1022 209 1088; x_wconf 88' lang='lat' dir='ltr'><strong>sit</strong></span> <span class='ocrx_word' id='word_1_43' title='bbox 231 1022 411 1085; x_wconf 86' lang='lat' dir='ltr'><strong>latrocinio</strong></span> <span class='ocrx_word' id='word_1_44' title='bbox 434 1017 672 1085; x_wconf 76' lang='lat' dir='ltr'><strong>tribunorum,</strong></span> <span class='ocrx_word' id='word_1_45' title='bbox 694 1035 762 1076; x_wconf 90' lang='lat' dir='ltr'><strong>non</strong></span> <span class='ocrx_word' id='word_1_46' title='bbox 787 1012 920 1076; x_wconf 85' lang='lat' dir='ltr'><strong>divino:</strong></span> <span class='ocrx_word' id='word_1_47' title='bbox 941 1010 996 1075; x_wconf 86' lang='lat' dir='ltr'><strong>sed</strong></span> <span class='ocrx_word' id='word_1_48' title='bbox 1019 1023 1143 1078; x_wconf 84' lang='lat' dir='ltr'><strong>tamen</strong></span> <span class='ocrx_word' id='word_1_49' title='bbox 1167 1013 1183 1079; x_wconf 88' lang='lat' dir='ltr'><strong>s</strong></span> <span class='ocrx_word' id='word_1_50' title='bbox 1203 1048 1214 1064; x_wconf 92' lang='lat'><strong>·</strong></span> 
     </span>
     <span class='ocr_line' id='line_1_8' title="bbox 170 1110 1214 1212; baseline -0.013 -23"><span class='ocrx_word' id='word_1_51' title='bbox 170 1123 299 1212; x_wconf 87' lang='lat' dir='ltr'><strong>spicer,</strong></span> <span class='ocrx_word' id='word_1_52' title='bbox 320 1126 465 1208; x_wconf 84' lang='lat' dir='ltr'><strong>pervim</strong></span> <span class='ocrx_word' id='word_1_53' title='bbox 481 1122 693 1204; x_wconf 81' lang='lat' dir='ltr'><strong>rogationem</strong></span> <span class='ocrx_word' id='word_1_54' title='bbox 708 1112 888 1178; x_wconf 88' lang='lat' dir='ltr'><strong>Caninium</strong></span> <span class='ocrx_word' id='word_1_55' title='bbox 905 1110 1134 1201; x_wconf 82' lang='lat' dir='ltr'><strong>perlaturum.</strong></span> <span class='ocrx_word' id='word_1_56' title='bbox 1173 1114 1214 1184; x_wconf 86' lang='lat' dir='ltr'><strong>In</strong></span> 
     </span>
    </p>
   </div>
   <div class='ocr_carea' id='block_1_3' title="bbox 80 1380 1214 4186">
    <p class='ocr_par' dir='ltr' id='par_1_3' title="bbox 80 1380 1214 4186">
     <span class='ocr_line' id='line_1_9' title="bbox 145 1380 1214 1471; baseline -0.003 -20"><span class='ocrx_word' id='word_1_57' title='bbox 145 1386 148 1392; x_wconf 47' lang='lat'><strong>¹</strong></span> <span class='ocrx_word' id='word_1_58' title='bbox 212 1406 242 1465; x_wconf 82' lang='lat'><strong>5.</strong></span> <span class='ocrx_word' id='word_1_59' title='bbox 257 1382 560 1471; x_wconf 79' lang='lat' dir='ltr'><strong>uoluntatis’ompeit&#39;]</strong></span> <span class='ocrx_word' id='word_1_60' title='bbox 575 1389 658 1468; x_wconf 85' lang='lat' dir='ltr'><strong>quie,</strong></span> <span class='ocrx_word' id='word_1_61' title='bbox 718 1380 844 1444; x_wconf 64' lang='lat' dir='ltr'><strong>botulo</strong></span> <span class='ocrx_word' id='word_1_62' title='bbox 858 1386 985 1462; x_wconf 83' lang='lat' dir='ltr'><strong>consuli,</strong></span> <span class='ocrx_word' id='word_1_63' title='bbox 1006 1387 1137 1460; x_wconf 78' lang='lat' dir='ltr'><strong>parante·</strong></span> <span class='ocrx_word' id='word_1_64' title='bbox 1153 1388 1214 1447; x_wconf 82' lang='lat' dir='ltr'><strong>iam</strong></span> 
     </span>
     <span class='ocr_line' id='line_1_10' title="bbox 171 1469 1212 1557; baseline -0.006 -20"><span class='ocrx_word' id='word_1_65' title='bbox 171 1471 226 1538; x_wconf 79' lang='lat' dir='ltr'><strong>&#39;etsi</strong></span> <span class='ocrx_word' id='word_1_66' title='bbox 254 1496 313 1557; x_wconf 87' lang='lat' dir='ltr'><strong>pro</strong></span> <span class='ocrx_word' id='word_1_67' title='bbox 343 1475 476 1535; x_wconf 80' lang='lat' dir='ltr'><strong>Lentulo</strong></span> <span class='ocrx_word' id='word_1_68' title='bbox 509 1469 659 1542; x_wconf 76' lang='lat' dir='ltr'><strong>studiose,</strong></span> <span class='ocrx_word' id='word_1_69' title='bbox 716 1470 793 1542; x_wconf 81' lang='lat' dir='ltr'><strong>iter,</strong></span> <span class='ocrx_word' id='word_1_70' title='bbox 815 1474 982 1545; x_wconf 84' lang='lat' dir='ltr'><strong>concitore,</strong></span> <span class='ocrx_word' id='word_1_71' title='bbox 995 1469 1132 1546; x_wconf 79' lang='lat' dir='ltr'><strong>secundo</strong></span> <span class='ocrx_word' id='word_1_72' title='bbox 1146 1472 1212 1555; x_wconf 77' lang='lat' dir='ltr'><strong>qui·</strong></span> 
     </span>
     <span class='ocr_line' id='line_1_11' title="bbox 80 1557 1212 1643; baseline -0.006 -20"><span class='ocrx_word' id='word_1_73' title='bbox 80 1560 83 1565; x_wconf 75' lang='grc'><strong>’</strong></span> <span class='ocrx_word' id='word_1_74' title='bbox 169 1564 211 1622; x_wconf 79' lang='lat' dir='ltr'><strong>ite</strong></span> <span class='ocrx_word' id='word_1_75' title='bbox 238 1575 343 1636; x_wconf 80' lang='lat' dir='ltr'><strong>temen</strong></span> <span class='ocrx_word' id='word_1_76' title='bbox 364 1563 500 1643; x_wconf 81' lang='lat' dir='ltr'><strong>egimus,</strong></span> <span class='ocrx_word' id='word_1_77' title='bbox 536 1573 571 1617; x_wconf 95' lang='lat' dir='ltr'><strong>ut</strong></span> <span class='ocrx_word' id='word_1_78' title='bbox 596 1559 661 1615; x_wconf 81' lang='lat' dir='ltr'><strong>eni·</strong></span> <span class='ocrx_word' id='word_1_79' title='bbox 717 1557 786 1613; x_wconf 83' lang='lat' dir='ltr'><strong>dem</strong></span> <span class='ocrx_word' id='word_1_80' title='bbox 819 1557 923 1631; x_wconf 80' lang='lat' dir='ltr'><strong>populi</strong></span> <span class='ocrx_word' id='word_1_81' title='bbox 950 1575 1071 1615; x_wconf 83' lang='lat' dir='ltr'><strong>rumore</strong></span> <span class='ocrx_word' id='word_1_82' title='bbox 1100 1559 1212 1634; x_wconf 81' lang='lat' dir='ltr'><strong>coepit.</strong></span> 
     </span>
     <span class='ocr_line' id='line_1_12' title="bbox 169 1639 1211 1722; baseline -0.005 -15"><span class='ocrx_word' id='word_1_83' title='bbox 169 1664 256 1707; x_wconf 84' lang='lat' dir='ltr'><strong>nrum</strong></span> <span class='ocrx_word' id='word_1_84' title='bbox 272 1646 414 1722; x_wconf 81' lang='lat' dir='ltr'><strong>Pompeii</strong></span> <span class='ocrx_word' id='word_1_85' title='bbox 434 1662 500 1705; x_wconf 91' lang='lat' dir='ltr'><strong>nou</strong></span> <span class='ocrx_word' id='word_1_86' title='bbox 520 1639 661 1705; x_wconf 79' lang='lat' dir='ltr'><strong>offende·</strong></span> <span class='ocrx_word' id='word_1_87' title='bbox 717 1641 863 1702; x_wconf 79' lang='lat' dir='ltr'><strong>Caninius</strong></span> <span class='ocrx_word' id='word_1_88' title='bbox 896 1654 1000 1700; x_wconf 83' lang='lat' dir='ltr'><strong>eutem</strong></span> <span class='ocrx_word' id='word_1_89' title='bbox 1035 1660 1142 1721; x_wconf 85' lang='lat' dir='ltr'><strong>usque</strong></span> <span class='ocrx_word' id='word_1_90' title='bbox 1171 1659 1211 1702; x_wconf 86' lang='lat' dir='ltr'><strong>eo</strong></span> 
     </span>
     <span class='ocr_line' id='line_1_13' title="bbox 171 1721 1212 1806; baseline -0.006 -12"><span class='ocrx_word' id='word_1_91' title='bbox 171 1751 284 1794; x_wconf 86' lang='lat' dir='ltr'><strong>temus.</strong></span> <span class='ocrx_word' id='word_1_92' title='bbox 339 1725 459 1786; x_wconf 81' lang='lat' dir='ltr'><strong>Manat.</strong></span> <span class='ocrx_word' id='word_1_93' title='bbox 576 1723 579 1729; x_wconf 85' lang='grc'><strong>’</strong></span> <span class='ocrx_word' id='word_1_94' title='bbox 716 1727 860 1806; x_wconf 88' lang='lat' dir='ltr'><strong>Pompeii</strong></span> <span class='ocrx_word' id='word_1_95' title='bbox 882 1721 1033 1786; x_wconf 81' lang='lat' dir='ltr'><strong>itudtorue</strong></span> <span class='ocrx_word' id='word_1_96' title='bbox 1058 1727 1138 1800; x_wconf 89' lang='lat' dir='ltr'><strong>suit,</strong></span> <span class='ocrx_word' id='word_1_97' title='bbox 1177 1742 1212 1788; x_wconf 91' lang='lat' dir='ltr'><strong>ut</strong></span> 
     </span>
     <span class='ocr_line' id='line_1_14' title="bbox 214 1808 1211 1896; baseline -0.001 -22"><span class='ocrx_word' id='word_1_98' title='bbox 214 1819 423 1874; x_wconf 81' lang='lat' dir='ltr'><strong>obtrectatores</strong></span> <span class='ocrx_word' id='word_1_99' title='bbox 443 1809 582 1896; x_wconf 81' lang='lat' dir='ltr'><strong>Lentuli]</strong></span> <span class='ocrx_word' id='word_1_100' title='bbox 606 1810 661 1870; x_wconf 78' lang='lat' dir='ltr'><strong>stl-</strong></span> <span class='ocrx_word' id='word_1_101' title='bbox 714 1809 816 1894; x_wconf 78' lang='lat' dir='ltr'><strong>legem</strong></span> <span class='ocrx_word' id='word_1_102' title='bbox 831 1811 913 1871; x_wconf 82' lang='lat' dir='ltr'><strong>serre</strong></span> <span class='ocrx_word' id='word_1_103' title='bbox 926 1823 1055 1870; x_wconf 78' lang='lat' dir='ltr'><strong>conotus</strong></span> <span class='ocrx_word' id='word_1_104' title='bbox 1072 1808 1127 1882; x_wconf 87' lang='lat' dir='ltr'><strong>fit,</strong></span> <span class='ocrx_word' id='word_1_105' title='bbox 1148 1832 1211 1893; x_wconf 80' lang='lat' dir='ltr'><strong>que</strong></span> 
     </span>
     <span class='ocr_line' id='line_1_15' title="bbox 171 1892 1211 1979; baseline -0.004 -17"><span class='ocrx_word' id='word_1_106' title='bbox 171 1898 320 1963; x_wconf 80' lang='lat' dir='ltr'><strong>versutior</strong></span> <span class='ocrx_word' id='word_1_107' title='bbox 338 1905 369 1960; x_wconf 88' lang='lat' dir='ltr'><strong>in</strong></span> <span class='ocrx_word' id='word_1_108' title='bbox 383 1899 566 1960; x_wconf 88' lang='lat' dir='ltr'><strong>reductione</strong></span> <span class='ocrx_word' id='word_1_109' title='bbox 579 1903 660 1979; x_wconf 83' lang='lat' dir='ltr'><strong>regis</strong></span> <span class='ocrx_word' id='word_1_110' title='bbox 716 1895 886 1977; x_wconf 81' lang='lat' dir='ltr'><strong>Pompeius</strong></span> <span class='ocrx_word' id='word_1_111' title='bbox 896 1914 964 1956; x_wconf 86' lang='lat' dir='ltr'><strong>cum</strong></span> <span class='ocrx_word' id='word_1_112' title='bbox 980 1892 1105 1956; x_wconf 80' lang='lat' dir='ltr'><strong>duobus</strong></span> <span class='ocrx_word' id='word_1_113' title='bbox 1120 1895 1211 1958; x_wconf 89' lang='lat' dir='ltr'><strong>licto·</strong></span> 
     </span>
     <span class='ocr_line' id='line_1_16' title="bbox 171 1979 1210 2066; baseline -0.006 -19"><span class='ocrx_word' id='word_1_114' title='bbox 171 1985 254 2048; x_wconf 72' lang='lat' dir='ltr'><strong>dnus</strong></span> <span class='ocrx_word' id='word_1_115' title='bbox 275 1984 413 2066; x_wconf 81' lang='lat' dir='ltr'><strong>inprimis</strong></span> <span class='ocrx_word' id='word_1_116' title='bbox 435 1980 582 2044; x_wconf 79' lang='lat' dir='ltr'><strong>Lentulus</strong></span> <span class='ocrx_word' id='word_1_117' title='bbox 607 1979 661 2041; x_wconf 77' lang='lat' dir='ltr'><strong>lte·</strong></span> <span class='ocrx_word' id='word_1_118' title='bbox 715 1981 801 2042; x_wconf 79' lang='lat' dir='ltr'><strong>ribus</strong></span> <span class='ocrx_word' id='word_1_119' title='bbox 827 1979 1042 2041; x_wconf 72' lang='lat' dir='ltr'><strong>Ptolemaeum</strong></span> <span class='ocrx_word' id='word_1_120' title='bbox 1075 1980 1210 2042; x_wconf 82' lang='lat' dir='ltr'><strong>reduce·</strong></span> 
     </span>
     <span class='ocr_line' id='line_1_17' title="bbox 171 2061 1209 2147; baseline -0.006 -14"><span class='ocrx_word' id='word_1_121' title='bbox 171 2069 285 2140; x_wconf 83' lang='lat' dir='ltr'><strong>bebut,</strong></span> <span class='ocrx_word' id='word_1_122' title='bbox 330 2071 484 2131; x_wconf 79' lang='lat' dir='ltr'><strong>Catonem</strong></span> <span class='ocrx_word' id='word_1_123' title='bbox 518 2082 548 2127; x_wconf 83' lang='lat' dir='ltr'><strong>et</strong></span> <span class='ocrx_word' id='word_1_124' title='bbox 570 2068 661 2126; x_wconf 78' lang='lat' dir='ltr'><strong>Cani·</strong></span> <span class='ocrx_word' id='word_1_125' title='bbox 716 2081 781 2137; x_wconf 81' lang='lat' dir='ltr'><strong>ret,</strong></span> <span class='ocrx_word' id='word_1_126' title='bbox 804 2068 891 2147; x_wconf 85' lang='lat' dir='ltr'><strong>quod</strong></span> <span class='ocrx_word' id='word_1_127' title='bbox 908 2061 993 2145; x_wconf 87' lang='lat' dir='ltr'><strong>npud</strong></span> <span class='ocrx_word' id='word_1_128' title='bbox 1007 2063 1209 2127; x_wconf 78' lang='lat' dir='ltr'><strong>Plutarchum</strong></span> 
     </span>
     <span class='ocr_line' id='line_1_18' title="bbox 110 2147 1208 2234; baseline -0.006 -17"><span class='ocrx_word' id='word_1_129' title='bbox 110 2170 117 2184; x_wconf 89' lang='grc'><em>·</em></span> <span class='ocrx_word' id='word_1_130' title='bbox 170 2159 259 2217; x_wconf 83' lang='lat' dir='ltr'><strong>nium</strong></span> <span class='ocrx_word' id='word_1_131' title='bbox 280 2151 423 2216; x_wconf 81' lang='lat' dir='ltr'><strong>tribunos</strong></span> <span class='ocrx_word' id='word_1_132' title='bbox 445 2153 489 2234; x_wconf 85' lang='lat' dir='ltr'><strong>pt.</strong></span> <span class='ocrx_word' id='word_1_133' title='bbox 505 2153 660 2212; x_wconf 77' lang='lat' dir='ltr'><strong>Catonem</strong></span> <span class='ocrx_word' id='word_1_134' title='bbox 717 2155 749 2211; x_wconf 88' lang='lat' dir='ltr'><strong>in</strong></span> <span class='ocrx_word' id='word_1_135' title='bbox 778 2151 934 2228; x_wconf 82' lang='lat' dir='ltr'><strong>Pompeio</strong></span> <span class='ocrx_word' id='word_1_136' title='bbox 971 2147 1118 2228; x_wconf 83' lang='lat' dir='ltr'><strong>scriptum</strong></span> <span class='ocrx_word' id='word_1_137' title='bbox 1155 2149 1208 2214; x_wconf 85' lang='lat' dir='ltr'><strong>cst.</strong></span> 
     </span>
     <span class='ocr_line' id='line_1_19' title="bbox 172 2231 1207 2322; baseline -0.003 -23"><span class='ocrx_word' id='word_1_138' title='bbox 172 2240 324 2322; x_wconf 83' lang='lat' dir='ltr'><strong>quidem,</strong></span> <span class='ocrx_word' id='word_1_139' title='bbox 364 2254 464 2301; x_wconf 77' lang='lat' dir='ltr'><strong>totum</strong></span> <span class='ocrx_word' id='word_1_140' title='bbox 502 2237 660 2298; x_wconf 84' lang='lat' dir='ltr'><strong>reductio·</strong></span> <span class='ocrx_word' id='word_1_141' title='bbox 717 2234 819 2316; x_wconf 83' lang='lat' dir='ltr'><strong>idque</strong></span> <span class='ocrx_word' id='word_1_142' title='bbox 840 2236 951 2294; x_wconf 88' lang='lat' dir='ltr'><strong>Cicero</strong></span> <span class='ocrx_word' id='word_1_143' title='bbox 975 2231 1037 2314; x_wconf 82' lang='lat' dir='ltr'><strong>ipsa</strong></span> <span class='ocrx_word' id='word_1_144' title='bbox 1064 2253 1117 2317; x_wconf 75' lang='lat' dir='ltr'><strong>ep.</strong></span> <span class='ocrx_word' id='word_1_145' title='bbox 1138 2255 1207 2298; x_wconf 90' lang='grc' dir='ltr'><strong>ιιι.</strong></span> 
     </span>
     <span class='ocr_line' id='line_1_20' title="bbox 170 2315 1210 2407; baseline -0.008 -20"><span class='ocrx_word' id='word_1_146' title='bbox 170 2344 244 2387; x_wconf 82' lang='lat' dir='ltr'><strong>nem</strong></span> <span class='ocrx_word' id='word_1_147' title='bbox 282 2326 364 2407; x_wconf 78' lang='lat' dir='ltr'><strong>regis</strong></span> <span class='ocrx_word' id='word_1_148' title='bbox 405 2341 659 2405; x_wconf 81' lang='lat' dir='ltr'><strong>oppugnantem,</strong></span> <span class='ocrx_word' id='word_1_149' title='bbox 716 2317 1103 2404; x_wconf 79' lang='lat' dir='ltr'><strong>fignificstinhirverbir:</strong></span> <span class='ocrx_word' id='word_1_150' title='bbox 1127 2315 1210 2379; x_wconf 76' lang='lat' dir='ltr'><strong>Mitt</strong></span> 
     </span>
     <span class='ocr_line' id='line_1_21' title="bbox 170 2402 1208 2488; baseline -0.013 -16"><span class='ocrx_word' id='word_1_151' title='bbox 170 2429 229 2472; x_wconf 80' lang='lat' dir='ltr'><strong>uec</strong></span> <span class='ocrx_word' id='word_1_152' title='bbox 248 2413 347 2471; x_wconf 84' lang='lat' dir='ltr'><strong>miuus</strong></span> <span class='ocrx_word' id='word_1_153' title='bbox 370 2410 542 2488; x_wconf 84' lang='lat' dir='ltr'><strong>Pompeio,</strong></span> <span class='ocrx_word' id='word_1_154' title='bbox 565 2426 660 2486; x_wconf 83' lang='lat' dir='ltr'><strong>quem</strong></span> <span class='ocrx_word' id='word_1_155' title='bbox 709 2407 829 2482; x_wconf 78' lang='lat' dir='ltr'><strong>semper</strong></span> <span class='ocrx_word' id='word_1_156' title='bbox 849 2417 916 2462; x_wconf 83' lang='lat' dir='ltr'><strong>tuoe</strong></span> <span class='ocrx_word' id='word_1_157' title='bbox 936 2406 1019 2462; x_wconf 73' lang='lat' dir='ltr'><strong>laridi</strong></span> <span class='ocrx_word' id='word_1_158' title='bbox 1033 2402 1150 2472; x_wconf 79' lang='lat' dir='ltr'><strong>favere</strong></span> <span class='ocrx_word' id='word_1_159' title='bbox 1168 2409 1208 2464; x_wconf 84' lang='lat' dir='ltr'><strong>oi.</strong></span> 
     </span>
     <span class='ocr_line' id='line_1_22' title="bbox 171 2489 1209 2571; baseline -0.01 -12"><span class='ocrx_word' id='word_1_160' title='bbox 171 2495 308 2559; x_wconf 82' lang='lat' dir='ltr'><strong>Lentulo</strong></span> <span class='ocrx_word' id='word_1_161' title='bbox 349 2495 523 2563; x_wconf 80' lang='lat' dir='ltr'><strong>insensum,</strong></span> <span class='ocrx_word' id='word_1_162' title='bbox 572 2489 661 2571; x_wconf 83' lang='lat' dir='ltr'><strong>quod</strong></span> <span class='ocrx_word' id='word_1_163' title='bbox 710 2490 834 2568; x_wconf 75' lang='lat' dir='ltr'><strong>forest,</strong></span> <span class='ocrx_word' id='word_1_164' title='bbox 858 2489 1209 2568; x_wconf 77' lang='lat' dir='ltr'><strong>etiamipsosuspict’ofis·</strong></span> 
     </span>
     <span class='ocr_line' id='line_1_23' title="bbox 171 2571 1209 2658; baseline -0.009 -17"><span class='ocrx_word' id='word_1_165' title='bbox 171 2577 305 2641; x_wconf 83' lang='lat' dir='ltr'><strong>ostendit</strong></span> <span class='ocrx_word' id='word_1_166' title='bbox 333 2598 383 2658; x_wconf 80' lang='lat' dir='ltr'><strong>ep.</strong></span> <span class='ocrx_word' id='word_1_167' title='bbox 400 2593 450 2658; x_wconf 84' lang='lat'><strong>95.</strong></span> <span class='ocrx_word' id='word_1_168' title='bbox 497 2578 660 2636; x_wconf 78' lang='lat' dir='ltr'><strong>Caninium</strong></span> <span class='ocrx_word' id='word_1_169' title='bbox 709 2577 789 2654; x_wconf 80' lang='lat' dir='ltr'><strong>fimo</strong></span> <span class='ocrx_word' id='word_1_170' title='bbox 814 2585 948 2651; x_wconf 84' lang='lat' dir='ltr'><strong>tempore</strong></span> <span class='ocrx_word' id='word_1_171' title='bbox 974 2571 1151 2640; x_wconf 79' lang='lat' dir='ltr'><strong>Caniniano.</strong></span> <span class='ocrx_word' id='word_1_172' title='bbox 1168 2609 1209 2624; x_wconf 93' lang='lat'><em>-</em></span> 
     </span>
     <span class='ocr_line' id='line_1_24' title="bbox 142 2657 838 2744; baseline -0.009 -19"><span class='ocrx_word' id='word_1_173' title='bbox 142 2669 146 2676; x_wconf 87' lang='grc'><em>“</em></span> <span class='ocrx_word' id='word_1_174' title='bbox 172 2681 275 2725; x_wconf 82' lang='lat' dir='ltr'><strong>sutem</strong></span> <span class='ocrx_word' id='word_1_175' title='bbox 291 2663 399 2723; x_wconf 86' lang='lat' dir='ltr'><strong>reduci</strong></span> <span class='ocrx_word' id='word_1_176' title='bbox 416 2681 542 2744; x_wconf 82' lang='lat' dir='ltr'><strong>regem,</strong></span> <span class='ocrx_word' id='word_1_177' title='bbox 562 2678 660 2720; x_wconf 83' lang='lat' dir='ltr'><strong>none</strong></span> <span class='ocrx_word' id='word_1_178' title='bbox 717 2657 838 2719; x_wconf 83' lang='lat' dir='ltr'><strong>Monet.</strong></span> 
     </span>
     <span class='ocr_line' id='line_1_25' title="bbox 170 2745 1209 2830; baseline -0.01 -22"><span class='ocrx_word' id='word_1_179' title='bbox 170 2746 329 2818; x_wconf 84' lang='lat' dir='ltr'><strong>Lentulo,</strong></span> <span class='ocrx_word' id='word_1_180' title='bbox 376 2745 429 2807; x_wconf 85' lang='lat' dir='ltr'><strong>sed</strong></span> <span class='ocrx_word' id='word_1_181' title='bbox 458 2766 476 2805; x_wconf 86' lang='lat' dir='ltr'><strong>a</strong></span> <span class='ocrx_word' id='word_1_182' title='bbox 506 2747 660 2826; x_wconf 83' lang='lat' dir='ltr'><strong>Pompeio</strong></span> <span class='ocrx_word' id='word_1_183' title='bbox 759 2747 916 2804; x_wconf 80' lang='lat' dir='ltr'><strong>latrocinio</strong></span> <span class='ocrx_word' id='word_1_184' title='bbox 931 2745 1130 2830; x_wconf 82' lang='lat' dir='ltr'><strong>tribunorum]</strong></span> <span class='ocrx_word' id='word_1_185' title='bbox 1150 2749 1209 2809; x_wconf 68' lang='lat' dir='ltr'><strong>Cn.</strong></span> 
     </span>
     <span class='ocr_line' id='line_1_26' title="bbox 170 2831 1208 2913; baseline -0.001 -19"><span class='ocrx_word' id='word_1_186' title='bbox 170 2837 357 2913; x_wconf 86' lang='lat' dir='ltr'><strong>cupieutem.</strong></span> <span class='ocrx_word' id='word_1_187' title='bbox 421 2831 466 2890; x_wconf 85' lang='lat' dir='ltr'><strong>Et·</strong></span> <span class='ocrx_word' id='word_1_188' title='bbox 498 2831 579 2890; x_wconf 82' lang='lat' dir='ltr'><strong>Ceto</strong></span> <span class='ocrx_word' id='word_1_189' title='bbox 618 2850 659 2896; x_wconf 81' lang='lat' dir='ltr'><strong>eo</strong></span> <span class='ocrx_word' id='word_1_190' title='bbox 715 2844 824 2891; x_wconf 81' lang='lat' dir='ltr'><strong>torrem</strong></span> <span class='ocrx_word' id='word_1_191' title='bbox 843 2834 980 2910; x_wconf 77' lang='lat' dir='ltr'><strong>inprimis</strong></span> <span class='ocrx_word' id='word_1_192' title='bbox 996 2846 1026 2889; x_wconf 88' lang='lat' dir='ltr'><strong>et</strong></span> <span class='ocrx_word' id='word_1_193' title='bbox 1042 2832 1208 2893; x_wconf 77' lang='lat' dir='ltr'><strong>Caninium</strong></span> 
     </span>
     <span class='ocr_line' id='line_1_27' title="bbox 168 2913 1208 2999; baseline 0 -22"><span class='ocrx_word' id='word_1_194' title='bbox 168 2913 660 2999; x_wconf 80' lang='lat' dir='ltr'><strong>ptoceffitirttcuudieencmnli·</strong></span> <span class='ocrx_word' id='word_1_195' title='bbox 715 2930 822 2986; x_wconf 82' lang='lat' dir='ltr'><strong>notet,</strong></span> <span class='ocrx_word' id='word_1_196' title='bbox 852 2922 985 2996; x_wconf 83' lang='lat' dir='ltr'><strong>quorum</strong></span> <span class='ocrx_word' id='word_1_197' title='bbox 1009 2915 1050 2974; x_wconf 84' lang='lat' dir='ltr'><strong>ad</strong></span> <span class='ocrx_word' id='word_1_198' title='bbox 1070 2920 1208 2996; x_wconf 80' lang='lat' dir='ltr'><strong>eripien-</strong></span> 
     </span>
     <span class='ocr_line' id='line_1_28' title="bbox 169 2997 1208 3084; baseline 0.001 -23"><span class='ocrx_word' id='word_1_199' title='bbox 169 3000 342 3072; x_wconf 82' lang='lat' dir='ltr'><strong>volentine,</strong></span> <span class='ocrx_word' id='word_1_200' title='bbox 367 3016 402 3059; x_wconf 90' lang='lat' dir='ltr'><strong>ut</strong></span> <span class='ocrx_word' id='word_1_201' title='bbox 418 3001 459 3060; x_wconf 85' lang='lat' dir='ltr'><strong>de</strong></span> <span class='ocrx_word' id='word_1_202' title='bbox 474 3000 659 3084; x_wconf 79' lang='lat' dir='ltr'><strong>abrogando</strong></span> <span class='ocrx_word' id='word_1_203' title='bbox 716 2997 788 3059; x_wconf 86' lang='lat' dir='ltr'><strong>dem</strong></span> <span class='ocrx_word' id='word_1_204' title='bbox 804 3000 936 3060; x_wconf 83' lang='lat' dir='ltr'><strong>Lentulo</strong></span> <span class='ocrx_word' id='word_1_205' title='bbox 951 3004 1030 3083; x_wconf 84' lang='lat' dir='ltr'><strong>regis</strong></span> <span class='ocrx_word' id='word_1_206' title='bbox 1047 3000 1208 3062; x_wconf 85' lang='lat' dir='ltr'><strong>reductio·</strong></span> 
     </span>
     <span class='ocr_line' id='line_1_29' title="bbox 168 3076 1207 3167; baseline -0.003 -18"><span class='ocrx_word' id='word_1_207' title='bbox 168 3085 303 3149; x_wconf 76' lang='lat' dir='ltr'><strong>Lentulo</strong></span> <span class='ocrx_word' id='word_1_208' title='bbox 320 3083 445 3146; x_wconf 76' lang='lat' dir='ltr'><strong>Ciliciae</strong></span> <span class='ocrx_word' id='word_1_209' title='bbox 458 3089 591 3167; x_wconf 85' lang='lat' dir='ltr'><strong>imperio</strong></span> <span class='ocrx_word' id='word_1_210' title='bbox 616 3076 660 3143; x_wconf 81' lang='lat' dir='ltr'><strong>le&#39;·</strong></span> <span class='ocrx_word' id='word_1_211' title='bbox 715 3104 786 3145; x_wconf 84' lang='lat' dir='ltr'><strong>nem</strong></span> <span class='ocrx_word' id='word_1_212' title='bbox 802 3082 1003 3165; x_wconf 76' lang='lat' dir='ltr'><strong>iniquissimos</strong></span> <span class='ocrx_word' id='word_1_213' title='bbox 1017 3085 1149 3146; x_wconf 78' lang='lat' dir='ltr'><strong>conetur</strong></span> <span class='ocrx_word' id='word_1_214' title='bbox 1164 3087 1207 3146; x_wconf 81' lang='lat' dir='ltr'><strong>lc-</strong></span> 
     </span>
     <span class='ocr_line' id='line_1_30' title="bbox 169 3169 1208 3257; baseline 0.003 -27"><span class='ocrx_word' id='word_1_215' title='bbox 169 3188 241 3257; x_wconf 78' lang='lat' dir='ltr'><strong>gem</strong></span> <span class='ocrx_word' id='word_1_216' title='bbox 266 3170 528 3257; x_wconf 79' lang='lat' dir='ltr'><strong>promulgaverit,</strong></span> <span class='ocrx_word' id='word_1_217' title='bbox 570 3169 661 3250; x_wconf 85' lang='lat' dir='ltr'><strong>quod·</strong></span> <span class='ocrx_word' id='word_1_218' title='bbox 691 3174 879 3249; x_wconf 80' lang='lat' dir='ltr'><strong>¹trucinium</strong></span> <span class='ocrx_word' id='word_1_219' title='bbox 897 3169 1044 3250; x_wconf 76' lang='lat' dir='ltr'><strong>appellet,</strong></span> <span class='ocrx_word' id='word_1_220' title='bbox 1066 3169 1208 3252; x_wconf 71' lang='lat' dir='ltr'><strong>utsupra</strong></span> 
     </span>
     <span class='ocr_line' id='line_1_31' title="bbox 168 3251 995 3338; baseline -0.004 -23"><span class='ocrx_word' id='word_1_221' title='bbox 168 3274 207 3315; x_wconf 78' lang='grc' dir='ltr'><strong>οι</strong></span> <span class='ocrx_word' id='word_1_222' title='bbox 242 3251 372 3337; x_wconf 78' lang='lat' dir='ltr'><strong>epistole</strong></span> <span class='ocrx_word' id='word_1_223' title='bbox 408 3257 459 3337; x_wconf 85' lang='lat'><strong>96.</strong></span> <span class='ocrx_word' id='word_1_224' title='bbox 501 3252 660 3338; x_wconf 81' lang='lat' dir='ltr'><strong>cognosci·</strong></span> <span class='ocrx_word' id='word_1_225' title='bbox 715 3274 765 3334; x_wconf 89' lang='lat' dir='ltr'><strong>ep.</strong></span> <span class='ocrx_word' id='word_1_226' title='bbox 782 3268 831 3334; x_wconf 80' lang='lat'><strong>95.</strong></span> <span class='ocrx_word' id='word_1_227' title='bbox 875 3251 995 3312; x_wconf 78' lang='lat' dir='ltr'><strong>Mnnn.</strong></span> 
     </span>
     <span class='ocr_line' id='line_1_32' title="bbox 167 3338 1207 3423; baseline 0.003 -23"><span class='ocrx_word' id='word_1_228' title='bbox 167 3353 227 3402; x_wconf 85' lang='lat' dir='ltr'><strong>tur.</strong></span> <span class='ocrx_word' id='word_1_229' title='bbox 291 3343 413 3402; x_wconf 80' lang='lat' dir='ltr'><strong>Nonius</strong></span> <span class='ocrx_word' id='word_1_230' title='bbox 452 3345 544 3402; x_wconf 80' lang='lat' dir='ltr'><strong>etiam</strong></span> <span class='ocrx_word' id='word_1_231' title='bbox 581 3338 660 3397; x_wconf 80' lang='lat' dir='ltr'><strong>ltnec</strong></span> <span class='ocrx_word' id='word_1_232' title='bbox 757 3339 966 3422; x_wconf 80' lang='lat' dir='ltr'><strong>rogationem]</strong></span> <span class='ocrx_word' id='word_1_233' title='bbox 983 3356 1018 3399; x_wconf 92' lang='lat' dir='ltr'><strong>ut</strong></span> <span class='ocrx_word' id='word_1_234' title='bbox 1035 3341 1207 3423; x_wconf 81' lang='lat' dir='ltr'><strong>Pompeius</strong></span> 
     </span>
     <span class='ocr_line' id='line_1_33' title="bbox 167 3421 1207 3512; baseline 0.003 -28"><span class='ocrx_word' id='word_1_235' title='bbox 167 3422 359 3486; x_wconf 72' lang='lat' dir='ltr'><strong>Fenestellae·</strong></span> <span class='ocrx_word' id='word_1_236' title='bbox 377 3425 470 3486; x_wconf 81' lang='lat' dir='ltr'><strong>verbe</strong></span> <span class='ocrx_word' id='word_1_237' title='bbox 497 3447 532 3483; x_wconf 88' lang='lat' dir='ltr'><strong>ex</strong></span> <span class='ocrx_word' id='word_1_238' title='bbox 555 3421 657 3482; x_wconf 84' lang='lat' dir='ltr'><strong>nnnalt</strong></span> <span class='ocrx_word' id='word_1_239' title='bbox 714 3444 783 3483; x_wconf 91' lang='lat' dir='ltr'><strong>cum</strong></span> <span class='ocrx_word' id='word_1_240' title='bbox 798 3424 921 3484; x_wconf 82' lang='lat' dir='ltr'><strong>duobus</strong></span> <span class='ocrx_word' id='word_1_241' title='bbox 931 3424 1207 3512; x_wconf 82' lang='lat' dir='ltr'><strong>lictoribusregem</strong></span> 
     </span>
     <span class='ocr_line' id='line_1_34' title="bbox 166 3507 1207 3589; baseline 0.007 -23"><span class='ocrx_word' id='word_1_242' title='bbox 166 3511 266 3570; x_wconf 78' lang='lat' dir='ltr'>XXII.</span> <span class='ocrx_word' id='word_1_243' title='bbox 283 3517 400 3572; x_wconf 82' lang='lat' dir='ltr'><strong>recitat.</strong></span> <span class='ocrx_word' id='word_1_244' title='bbox 444 3507 482 3566; x_wconf 83' lang='lat' dir='ltr'><strong>Ut</strong></span> <span class='ocrx_word' id='word_1_245' title='bbox 498 3511 657 3586; x_wconf 70' lang='lat' dir='ltr'><strong>magistra·</strong></span> <span class='ocrx_word' id='word_1_246' title='bbox 713 3509 926 3570; x_wconf 77' lang='lat' dir='ltr'><strong>Ptolemaeum</strong></span> <span class='ocrx_word' id='word_1_247' title='bbox 942 3507 1130 3589; x_wconf 77' lang='lat' dir='ltr'><strong>telsitueret3</strong></span> <span class='ocrx_word' id='word_1_248' title='bbox 1152 3529 1207 3574; x_wconf 77' lang='lat' dir='ltr'><strong>eut</strong></span> 
     </span>
     <span class='ocr_line' id='line_1_35' title="bbox 165 3594 1207 3678; baseline -0.003 -28"><span class='ocrx_word' id='word_1_249' title='bbox 165 3605 229 3653; x_wconf 81' lang='lat' dir='ltr'><strong>tum</strong></span> <span class='ocrx_word' id='word_1_250' title='bbox 243 3599 364 3678; x_wconf 89' lang='lat' dir='ltr'><strong>inquit,</strong></span> <span class='ocrx_word' id='word_1_251' title='bbox 385 3599 515 3654; x_wconf 82' lang='lat' dir='ltr'><strong>inierunt</strong></span> <span class='ocrx_word' id='word_1_252' title='bbox 531 3595 641 3650; x_wconf 72' lang='lat' dir='ltr'><strong>tristani</strong></span> <span class='ocrx_word' id='word_1_253' title='bbox 648 3624 662 3665; x_wconf 40' lang='grc' dir='ltr'><strong>,ν</strong></span> <span class='ocrx_word' id='word_1_254' title='bbox 714 3599 793 3652; x_wconf 89' lang='lat' dir='ltr'><strong>enim</strong></span> <span class='ocrx_word' id='word_1_255' title='bbox 816 3615 885 3653; x_wconf 81' lang='lat' dir='ltr'><strong>enm</strong></span> <span class='ocrx_word' id='word_1_256' title='bbox 910 3596 992 3653; x_wconf 85' lang='lat' dir='ltr'><strong>serre</strong></span> <span class='ocrx_word' id='word_1_257' title='bbox 1017 3594 1119 3678; x_wconf 81' lang='lat' dir='ltr'><strong>legem</strong></span> <span class='ocrx_word' id='word_1_258' title='bbox 1144 3598 1207 3658; x_wconf 65' lang='lat' dir='ltr'><strong>C..</strong></span> 
     </span>
     <span class='ocr_line' id='line_1_36' title="bbox 92 3674 1205 3761; baseline 0.004 -24"><span class='ocrx_word' id='word_1_259' title='bbox 92 3737 96 3748; x_wconf 80' lang='grc'>,</span> <span class='ocrx_word' id='word_1_260' title='bbox 169 3674 328 3754; x_wconf 79' lang='lat' dir='ltr'><strong>C..&#39;Cato‚</strong></span> <span class='ocrx_word' id='word_1_261' title='bbox 372 3685 553 3740; x_wconf 77' lang='lat' dir='ltr'><strong>turbulentus</strong></span> <span class='ocrx_word' id='word_1_262' title='bbox 582 3680 654 3733; x_wconf 82' lang='lat' dir='ltr'><strong>odo·</strong></span> <span class='ocrx_word' id='word_1_263' title='bbox 710 3682 810 3738; x_wconf 82' lang='lat' dir='ltr'><strong>ninius</strong></span> <span class='ocrx_word' id='word_1_264' title='bbox 845 3685 905 3739; x_wconf 85' lang='lat' dir='ltr'><strong>inm</strong></span> <span class='ocrx_word' id='word_1_265' title='bbox 944 3695 1078 3739; x_wconf 46' lang='lat' dir='ltr'><strong>conatus*</strong></span> <span class='ocrx_word' id='word_1_266' title='bbox 1118 3698 1205 3761; x_wconf 80' lang='lat' dir='ltr'><strong>eret3</strong></span> 
     </span>
     <span class='ocr_line' id='line_1_37' title="bbox 164 3761 1205 3841; baseline 0.007 -19"><span class='ocrx_word' id='word_1_267' title='bbox 164 3766 285 3841; x_wconf 76' lang='lat' dir='ltr'><strong>lescens,</strong></span> <span class='ocrx_word' id='word_1_268' title='bbox 321 3777 351 3824; x_wconf 83' lang='lat' dir='ltr'><strong>et</strong></span> <span class='ocrx_word' id='word_1_269' title='bbox 373 3769 496 3834; x_wconf 82' lang='lat' dir='ltr'><strong>audax,</strong></span> <span class='ocrx_word' id='word_1_270' title='bbox 528 3782 580 3818; x_wconf 84' lang='lat' dir='ltr'><strong>nec</strong></span> <span class='ocrx_word' id='word_1_271' title='bbox 600 3766 653 3819; x_wconf 86' lang='lat' dir='ltr'><strong>im·</strong></span> <span class='ocrx_word' id='word_1_272' title='bbox 711 3778 763 3824; x_wconf 83' lang='lat' dir='ltr'><strong>eut</strong></span> <span class='ocrx_word' id='word_1_273' title='bbox 792 3762 820 3823; x_wconf 82' lang='lat' dir='ltr'><strong>se</strong></span> <span class='ocrx_word' id='word_1_274' title='bbox 850 3764 984 3824; x_wconf 79' lang='lat' dir='ltr'><strong>loturum</strong></span> <span class='ocrx_word' id='word_1_275' title='bbox 1014 3761 1205 3830; x_wconf 78' lang='lat' dir='ltr'><strong>ostenderet.</strong></span> 
     </span>
     <span class='ocr_line' id='line_1_38' title="bbox 162 3849 1205 3933; baseline 0.005 -25"><span class='ocrx_word' id='word_1_276' title='bbox 162 3863 286 3924; x_wconf 76' lang='lat' dir='ltr'><strong>poeotes</strong></span> <span class='ocrx_word' id='word_1_277' title='bbox 308 3854 349 3909; x_wconf 81' lang='lat' dir='ltr'><strong>ael</strong></span> <span class='ocrx_word' id='word_1_278' title='bbox 377 3851 549 3918; x_wconf 81' lang='lat' dir='ltr'><strong>dicendum,</strong></span> <span class='ocrx_word' id='word_1_279' title='bbox 588 3867 652 3905; x_wconf 86' lang='lat' dir='ltr'><strong>con.</strong></span> <span class='ocrx_word' id='word_1_280' title='bbox 708 3849 789 3906; x_wconf 85' lang='lat' dir='ltr'><strong>Nem</strong></span> <span class='ocrx_word' id='word_1_281' title='bbox 813 3849 944 3909; x_wconf 84' lang='lat' dir='ltr'><strong>denoto</strong></span> <span class='ocrx_word' id='word_1_282' title='bbox 964 3852 1132 3933; x_wconf 81' lang='lat' dir='ltr'><strong>rogatione</strong></span> <span class='ocrx_word' id='word_1_283' title='bbox 1155 3851 1205 3914; x_wconf 92' lang='lat' dir='ltr'><strong>lo·</strong></span> 
     </span>
     <span class='ocr_line' id='line_1_39' title="bbox 162 3930 1181 4019; baseline 0.004 -27"><span class='ocrx_word' id='word_1_284' title='bbox 162 3938 291 3995; x_wconf 78' lang='lat' dir='ltr'><strong>tionibus</strong></span> <span class='ocrx_word' id='word_1_285' title='bbox 311 3937 431 4012; x_wconf 79' lang='lat' dir='ltr'><strong>affiduis</strong></span> <span class='ocrx_word' id='word_1_286' title='bbox 458 3935 602 3991; x_wconf 84' lang='lat' dir='ltr'><strong>inuidiam</strong></span> <span class='ocrx_word' id='word_1_287' title='bbox 623 3945 653 3991; x_wconf 84' lang='lat' dir='ltr'><strong>et</strong></span> <span class='ocrx_word' id='word_1_288' title='bbox 709 3939 762 4019; x_wconf 91' lang='lat' dir='ltr'><strong>qui</strong></span> <span class='ocrx_word' id='word_1_289' title='bbox 776 3935 887 3996; x_wconf 87' lang='lat' dir='ltr'><strong>Cicero</strong></span> <span class='ocrx_word' id='word_1_290' title='bbox 902 3934 1031 3994; x_wconf 89' lang='lat' dir='ltr'><strong>videtur.</strong></span> <span class='ocrx_word' id='word_1_291' title='bbox 1056 3930 1181 3997; x_wconf 76' lang='lat' dir='ltr'><strong>Manui.</strong></span> 
     </span>
     <span class='ocr_line' id='line_1_40' title="bbox 162 4016 1203 4102; baseline 0.007 -26"><span class='ocrx_word' id='word_1_292' title='bbox 162 4016 448 4097; x_wconf 77' lang='lat' dir='ltr'><strong>Ptolemoenfimul,</strong></span> <span class='ocrx_word' id='word_1_293' title='bbox 471 4021 525 4099; x_wconf 79' lang='lat' dir='ltr'><strong>qni</strong></span> <span class='ocrx_word' id='word_1_294' title='bbox 539 4022 599 4077; x_wconf 81' lang='lat' dir='ltr'><strong>ium</strong></span> <span class='ocrx_word' id='word_1_295' title='bbox 612 4040 650 4077; x_wconf 81' lang='lat' dir='ltr'><strong>ex</strong></span> <span class='ocrx_word' id='word_1_296' title='bbox 744 4016 952 4102; x_wconf 83' lang='lat' dir='ltr'><strong>perlaturum]</strong></span> <span class='ocrx_word' id='word_1_297' title='bbox 975 4038 1041 4079; x_wconf 86' lang='lat' dir='ltr'><strong>non</strong></span> <span class='ocrx_word' id='word_1_298' title='bbox 1059 4021 1203 4100; x_wconf 77' lang='lat' dir='ltr'><strong>pertulit.</strong></span> 
     </span>
     <span class='ocr_line' id='line_1_41' title="bbox 162 4100 1202 4186; baseline 0 -22"><span class='ocrx_word' id='word_1_299' title='bbox 162 4111 230 4165; x_wconf 83' lang='lat' dir='ltr'><strong>urbe</strong></span> <span class='ocrx_word' id='word_1_300' title='bbox 252 4101 407 4182; x_wconf 69' lang='lat' dir='ltr'><strong>prosector</strong></span> <span class='ocrx_word' id='word_1_301' title='bbox 433 4114 515 4177; x_wconf 80' lang='lat' dir='ltr'><strong>erot&#39;,</strong></span> <span class='ocrx_word' id='word_1_302' title='bbox 546 4114 592 4162; x_wconf 75' lang='lat' dir='ltr'><strong>et</strong></span> <span class='ocrx_word' id='word_1_303' title='bbox 615 4100 650 4166; x_wconf 85' lang='lat' dir='ltr'><strong>P.</strong></span> <span class='ocrx_word' id='word_1_304' title='bbox 706 4100 782 4167; x_wconf 77' lang='lat' dir='ltr'><strong>Nou</strong></span> <span class='ocrx_word' id='word_1_305' title='bbox 810 4107 894 4167; x_wconf 78' lang='lat' dir='ltr'><strong>euim</strong></span> <span class='ocrx_word' id='word_1_306' title='bbox 914 4105 1106 4186; x_wconf 83' lang='lat' dir='ltr'><strong>Pompeius,</strong></span> <span class='ocrx_word' id='word_1_307' title='bbox 1135 4105 1202 4172; x_wconf 72' lang='lat' dir='ltr'><strong>sod</strong></span> 
     </span>
    </p>
   </div>
   <div class='ocr_carea' id='block_1_4' title="bbox 0 0 1258 4808">
    <p class='ocr_par' dir='ltr' id='par_1_4' title="bbox 0 0 1258 4808">
     <span class='ocr_line' id='line_1_42' title="bbox 0 0 1258 4808; baseline 0 1"><span class='ocrx_word' id='word_1_308' title='bbox 0 0 1258 4808; x_wconf 95' lang='lat' dir='ltr'><strong> </strong></span> 
     </span>
    </p>
   </div>
  </div>
 </body>
</html>
