2506 4808
130 340 173 412 u
414 317 714 392 nrtsronn
754 320 868 389 xxr.

132 534 233 586 veru,
254 518 410 596 inquam,
428 512 660 577 xxviudicee
685 511 920 577 crediderunt:
941 531 1058 578 xxxr

134 621 225 679 niam
242 634 400 678 nummos
418 626 495 677 aute
511 625 733 701 acceperunt,
755 616 816 677 tibi
834 613 920 679 nihil
935 615 1058 680 credid

134 716 271 804 Magnis
287 716 492 779 clamoribus
511 713 655 779 afflictus
676 721 860 791 conticuit,
888 730 921 781 et
940 716 1058 780 concid

107 825 126 884 6
223 816 347 881 Noster
368 831 479 880 autem
503 814 606 880 status
632 814 767 881 elthic.
809 816 913 906 Apud
929 822 1043 885 bonos

67 921 268 993 '‚sumus
290 941 375 1002 quos
393 916 571 1002 reliquisti;
594 917 681 1004 apud
697 917 829 982 sordem
844 923 960 995 urbis
984 921 1058 986 etfz

124 1020 376 1088 =1nnltomclius
395 1042 503 1091 nunc,
526 1039 626 1102 quarn
642 1018 813 1102 reliquisti.
857 1021 945 1086 Nam
962 1036 996 1087 et
1009 1023 1058 1089 ilh

133 1128 186 1188 his·
206 1146 274 1186 non
290 1120 392 1193 obest,
406 1120 512 1185 videri
527 1117 678 1184 nostium
693 1120 921 1188 testimonium
935 1147 1006 1191 non
1022 1147 1058 1191 va

134 1225 251 1291 Misius
279 1223 326 1287 est
347 1222 479 1310 languis
508 1221 652 1286 invidiae
676 1222 741 1287 fine
766 1223 902 1301 dolore,
938 1240 1039 1311 atque

135 1328 201 1392 hoo
224 1332 351 1413 mugit,
392 1323 482 1407 quod
512 1344 632 1387 omues
656 1323 703 1388 illi
728 1326 878 1390 fautores
910 1325 1000 1393 illius
1032 1327 1058 1393 fla

58 1483 61 1489 .
133 1453 206 1494 rem
229 1423 437 1490 manifestam
461 1423 672 1511 redemptam
695 1425 759 1492 else
780 1448 798 1490 a
819 1428 986 1494 iudicibus
1004 1453 1058 1496 cor

132 1545 199 1596 tur.
244 1527 410 1602 Accedit,
445 1527 536 1610 quod
566 1526 623 1592 illa
650 1527 856 1594 concionalis
881 1527 1005 1595 hirudo
1030 1553 1058 1596 a(

176 1872 230 1928 tibi
243 1871 317 1929 nihil
330 1867 544 1952 crediderunt]
573 1867 621 1928 lu·

133 1955 182 2018 sur
223 1977 260 2037 ex
305 1952 497 2034 amphibolia
534 1953 620 2014 verbi

134 2044 263 2102 credere.
293 2041 460 2099 Pecuniam
475 2058 534 2118 pro
551 2060 620 2099 cor·

131 2125 254 2206 ruptelu
270 2121 448 2204 promillam
468 2123 523 2185 tibi
537 2125 618 2186 adeo

132 2232 199 2275 non
221 2209 438 2280 crediderunt,
461 2225 495 2269 ut
509 2214 619 2289 potius

132 2317 278 2360 nummos
305 2310 378 2354 onte
392 2295 540 2355 iudicium
556 2314 574 2355 u
589 2309 620 2354 te

133 2387 320 2462 acciperent

173 2468 201 2526 6.
220 2487 288 2522 nam
312 2474 341 2523 et
362 2465 438 2520 illud
459 2464 540 2520 nobis
562 2483 621 2519 non

134 2550 233 2633 obest]
281 2551 440 2608 Manutius
468 2545 621 2607 desidere·

674 1869 694 1942 ἡ
717 1867 854 1952 niniam*
876 1838 1026 1932 minuitur
1045 1868 1058 1932 l

676 1958 722 2016 nir
746 1952 949 2016 detractione.

717 2060 782 2097 rem
805 2038 1018 2124 manifestam]

677 2124 803 2184 additur
820 2127 912 2197 illam,
930 2132 1021 2206 quod
1037 2125 1056 2184 h

675 2208 733 2269 lius
749 2207 850 2281 abest,
871 2208 1050 2290 praesertim

677 2293 726 2354 vel
739 2291 779 2354 sic
793 2316 970 2376 pronomen
986 2300 1039 2354 ille
1054 2323 1058 2352 ι

677 2379 775 2439 tribus
817 2377 967 2440 verticulis
1010 2402 1058 2442 cor

684 2479 855 2543 repetatur
899 2465 962 2523 Sed
982 2471 1058 2526 miru

678 2546 846 2608 Ernestium
871 2547 1028 2610 huelille
1020 2573 1051 2611 m

133 2637 187 2697 bet
209 2639 338 2695 alterum
361 2644 406 2706 ct,
438 2633 571 2713 quod
550 2656 617 2691 ανα-
668 2632 800 2709 festam,
824 2634 1058 2715 quodfecinusi

131 2722 267 2782 κολουθον
275 2717 476 2780 casaubonus
493 2715 534 2777 fic
550 2717 620 2777 tolli

132 2794 256 2889 pollep
259 2805 377 2872 utebar,
397 2801 419 2860 li
435 2798 533 2861 stetim
551 2801 619 2862 scri·

131 2892 289 2951 bereture
274 2891 377 2964 ormi]
369 2890 413 2944 ''us
435 2889 476 2962 est
484 2887 618 2965 sanguis

131 2979 247 3036 Verum
265 2975 341 3034 illud
352 2972 541 3032 ανακολουθο
550 2971 617 3031 nul·

131 3062 195 3120 lum
219 3059 277 3128 est,
310 3064 382 3138 quia
405 3077 474 3114 nam
494 3058 618 3114 erillud

130 3144 207 3205 nihil
231 3143 316 3202 uliud
334 3140 496 3224 figuificut3
521 3162 616 3220 quam

131 3232 306 3286 tertineriam
324 3229 345 3283 il
335 3230 408 3283 llud
436 3226 547 3285 Vrrbls
563 3247 616 3285 uu·

130 3333 193 3375 tem
210 3326 261 3388 un
246 3316 307 3388 ffus
331 3313 372 3385 est
385 3313 508 3388 sanguis
525 3331 615 3391 prue-

129 3403 208 3480 poni
237 3419 302 3456 non
333 3396 427 3455 debet
454 3406 501 3467 et,
541 3401 615 3485 quia

111 3484 192 3544 hoc
214 3504 280 3542 non
304 3479 346 3539 cst
368 3481 497 3541 alterum
520 3502 614 3539 mem·

129 3570 219 3629 hrum
250 3570 349 3646 priori
378 3587 414 3626 ex
438 3587 542 3646 aequo
566 3587 614 3624 re·

66 3710 69 3714 ,
128 3652 302 3735 spondens,
328 3649 379 3710 sed
397 3649 612 3753 potiusinhis

129 3741 228 3799 verbis
247 3734 322 3795 inest
347 3741 458 3816 prioris
480 3730 614 3795 membri

127 3823 333 3887 confirmatio.
391 3822 503 3881 Cicero
530 3825 613 3880 enim

128 3910 218 3977 dicit,
253 3928 292 3965 co
317 3905 383 3984 ipso
412 3906 501 3987 quod
531 3904 612 3964 testi·

127 3996 268 4052 monium
292 3988 374 4049 sirum
397 4011 462 4051 non
483 3990 612 4049 vuluerit

127 4078 270 4138 invidiam
286 4075 345 4136 elle
360 4080 521 4147 minutum,
536 4072 611 4134 ficut

677 2678 842 2799 queeellet
855 2740 904 2779 ree
918 2720 1058 2781 manifest

675 2805 864 2875 redimetur,
891 2802 994 2863 saltem
1016 2828 1032 2864 o
1055 2815 1058 2864 Ἰ

676 2887 741 2948 bus.
782 2890 862 2947 Num
880 2909 926 2946 res
943 2889 1058 2968 manifq

675 2994 785 3030 crimen
797 2976 995 3047 manifestum.
1012 3000 1058 3058 qu<

675 3059 800 3117 dimum
829 3079 846 3118 a
878 3061 1029 3122 iudicibus

674 3159 927 3222 corrumpuntur.

714 3226 855 3310 accedit]
904 3231 1010 3312 Vulgo
1035 3251 1058 3288 m

673 3312 765 3384 illud,
791 3313 880 3393 quod
902 3313 1054 3377 Ernestiue

673 3397 795 3459 delevit⁴

721 3484 898 3541 concionalis
932 3485 1040 3541 hirudo

672 3565 740 3649 rii]
792 3588 874 3647 quae
901 3571 932 3626 iu
956 3574 1058 3629 conci<

670 3653 789 3710 nullum
809 3651 957 3728 poscendi
972 3653 1058 3713 h'nern

670 3753 738 3806 rer,
770 3735 944 3797 insatiabilis
967 3755 1002 3797 ut
1029 3738 1058 3797 hi

671 3836 701 3880 et
716 3824 823 3878 hirudo
834 3824 957 3893 aerarii,
975 3829 1048 3903 qula

669 3908 792 3984 publice
817 3907 938 3991 largitio
961 3905 1023 3968 five
1047 3919 1057 3968 i

670 3991 758 4059 bem,
801 3987 862 4049 slve
894 3997 926 4050 iu
959 4012 1055 4070 quem

669 4076 763 4134 elium
779 4076 879 4150 fecta,
906 4095 986 4158 opes
1006 4082 1058 4142 inu
