2506 4808
305 328 591 402 EPISTOLA
636 329 865 452 cmm.
1038 349 1101 420 257

69 541 191 604 meque
211 531 285 584 tum
300 517 446 600 denique
468 513 524 581 fibi
546 515 609 582 esse
625 516 746 594 visum,
766 514 1003 603 reipublicae,
1024 538 1102 602 qua·

67 623 110 688 iis
133 621 283 694 fuissem,
318 618 527 688 restitutum,
560 641 730 704 quumque
755 640 794 685 ea
816 624 991 683 contentio
1015 617 1100 689 mihi

68 744 230 810 magnum
245 726 346 785 etiam
363 721 449 785 soris
465 719 616 784 fructum
634 719 771 787 tulisset:
798 719 946 809 gaudere
962 717 995 785 se
1012 721 1099 788 dice·

68 828 168 896 baut,
191 820 273 887 mihi
298 833 331 884 et
352 820 447 885 ilium
471 827 667 896 inimicum,
688 834 722 886 et
747 843 826 896 eos,
846 826 903 905 qui
923 826 960 886 in
982 823 1100 888 eadem

70 923 165 989 causa
187 923 308 996 essent,
330 946 512 1007 numquam
530 929 656 988 amicos
674 923 821 987 futuros,
862 922 1020 1014 Quorum
1040 931 1101 991 iui-

68 1033 126 1111 qui
150 1025 321 1090 sermones
343 1047 445 1107 quum
468 1024 509 1087 ad
531 1045 585 1086 me
606 1045 667 1110 per
687 1020 841 1089 homiues
858 1022 1099 1095 honestissimos

32 1206 35 1211 Δ
68 1127 319 1215 perferrentur:
345 1147 516 1208 quumque
532 1123 713 1211 Pompeius
730 1130 778 1188 ita
799 1126 1040 1203 contendisset,
1060 1143 1100 1195 ut

68 1226 152 1301 uihil
173 1248 331 1309 umquam
353 1232 479 1313 magis,
499 1239 538 1290 ut
558 1249 636 1291 cum
660 1222 774 1289 Crasso
798 1226 947 1290 redirem
967 1235 1003 1294 in
1027 1252 1100 1318 gra·

67 1338 166 1404 tiam,
187 1329 372 1409 Caesarque
391 1348 450 1413 per
472 1325 590 1391 literas
610 1331 755 1389 maxima
773 1322 805 1389 se
822 1325 972 1394 molestia
986 1353 1029 1395 ex
1042 1331 1100 1403 illa

68 1436 293 1499 contentione
315 1427 476 1495 assuetum
499 1425 709 1498 ostenderet:
749 1421 853 1490 habui
878 1449 948 1492 non
970 1442 1098 1520 tempo-

68 1556 146 1602 rum
179 1528 286 1595 solum
316 1533 479 1592 rationem
508 1548 681 1602 meorum,
730 1526 786 1591 sed
815 1532 916 1593 etiam
943 1543 1097 1617 naturae3

70 1632 227 1705 Crassus,
249 1641 286 1694 ut
309 1626 396 1712 quasi
421 1627 537 1693 testata
557 1629 685 1715 populo
707 1627 862 1694 Romano
885 1628 965 1696 esset
987 1632 1100 1709 nostra
1216 1661 1217 1665 ¹

68 1741 195 1823 gratia,
220 1751 325 1819 paene
344 1751 362 1793 a
384 1735 468 1795 meis
489 1728 618 1794 laribus
638 1736 674 1795 in
696 1735 903 1817 provinciam
923 1731 970 1797 est
985 1735 1099 1820 pruse-

68 1850 157 1899 ctus.
200 1831 412 1914 Numquam
436 1827 517 1893 mihi
540 1829 756 1902 condixisset,
775 1839 909 1898 cenavit
932 1834 1020 1920 apud
1040 1859 1096 1903 me

67 1942 103 2000 in
125 1937 191 1997 mei
214 1937 331 2020 generi
349 1931 549 2020 Crassipedis
564 1928 687 2007 hortis.
732 1930 842 2020 Quam
865 1935 997 1997 obrem
1021 1940 1093 2005 eius

69 2032 213 2106 causam,
235 2033 324 2116 quod
341 2033 504 2098 rescribis
521 2030 662 2103 audisse,
687 2053 805 2119 magna
820 2032 910 2096 illius
926 2055 1096 2100 commen-

68 2137 205 2199 datione
223 2131 429 2222 susceptam,
451 2133 588 2199 desendi
609 2139 646 2197 in
667 2132 799 2208 senatu,
823 2132 901 2199 sicut
917 2157 993 2199 mea
1008 2134 1092 2207 fides

67 2235 265 2326 postulabat.

150 2334 338 2424 Accepisti,
360 2335 480 2420 quibus
497 2335 599 2399 rebus
618 2333 805 2410 adductus,
829 2358 993 2422 quamque
1008 2363 1124 2430 rem,7
1219 2417 1222 2423 ¹

69 2437 264 2519 causamque
285 2438 512 2502 defenderim:
536 2439 658 2518 quique
675 2456 772 2500 meus
795 2440 832 2500 in
852 2458 890 2501 re
906 2439 1041 2526 publica
1057 2441 1095 2507 fit

67 2561 130 2627 pro
152 2560 227 2602 mea
249 2552 346 2626 parte
375 2536 574 2625 capessenda
600 2534 715 2599 status.
759 2534 814 2600 De
837 2558 904 2620 quo
931 2538 973 2602 fic
995 2541 1097 2607 veiim

68 2640 209 2714 statuas,
229 2663 284 2705 me
304 2638 387 2707 haec
409 2639 527 2711 eadem
548 2637 717 2709 sensurum
738 2635 851 2713 fuisse,
875 2635 996 2706 fimihi
1012 2647 1097 2708 inte·

70 2764 130 2830 gra
145 2747 270 2817 omnia,
294 2764 331 2806 ac
351 2742 456 2807 libera
470 2738 614 2806 fuissem.
648 2736 734 2804 Nam
751 2759 860 2820 neque
875 2743 1097 2830 pugnandum

69 2845 250 2907 arbitrarer
268 2857 387 2909 contra
400 2856 512 2907 tantas
528 2861 628 2937 opes,
647 2859 759 2922 neque
775 2837 974 2917 delendum,
996 2850 1096 2917 etiam

69 2943 91 3008 si
109 2945 144 3009 id
165 2942 237 3009 fieri
253 2946 379 3033 posset,
401 2944 607 3009 summorum
627 2945 752 3005 civium
772 2945 1017 3028 principatum3
1039 2968 1097 3029 ne-

70 3066 135 3128 que
156 3047 420 3133 permanendum
443 3050 479 3109 in
493 3065 560 3111 una
580 3041 761 3114 sententia,
780 3040 949 3108 conversis
973 3047 1097 3123 rebus,

70 3167 108 3209 ac
127 3148 298 3211 bonorum
322 3145 551 3214 voluntatibus
573 3147 779 3225 immutatis;
806 3139 862 3205 sed
883 3147 1095 3232 temporibus

70 3422 198 3505 Legum
219 3417 322 3481 nescio
344 3437 405 3497 qua
426 3421 559 3479 auctori·
612 3430 676 3476 tam
696 3418 853 3477 intereos
874 3420 907 3477 in
929 3416 1018 3480 causa
1039 3441 1098 3501 po·

70 3523 135 3566 ame
149 3507 262 3567 edidit:
281 3505 386 3580 cepisse
399 3523 468 3562 vere
482 3505 560 3560 ἀίει·
612 3499 715 3580 pulrri
737 3497 914 3561 societatem
929 3501 1024 3567 Crassi
1045 3504 1102 3569 filii

72 3602 148 3651 rent.
614 3581 759 3664 quaestor
790 3587 934 3656 Marem,
974 3588 1100 3653 Publius

104 3671 214 3754 foris]
271 3670 356 3752 opud
393 3668 558 3749 populum.
611 3669 747 3752 legatus,
763 3670 895 3732 caesare
909 3677 1101 3750 imperatore

63 3759 154 3818 'Nem
178 3759 229 3815 issa
245 3759 406 3817 contentio
429 3759 462 3814 iu
477 3752 561 3812 senn-
613 3753 758 3815 inGallia
771 3773 935 3815 mererent.
958 3753 1108 3829 Manat„

73 3858 108 3903 tu
130 3847 241 3902 i'uerat.
286 3841 367 3900 Vide
386 3837 445 3897 alia
461 3839 561 3897 exem·
657 3859 768 3917 inagna
782 3843 1103 3905 illiuscommeudatt'o·

72 3927 174 4010 psusu
190 3923 373 3984 Cluveiuh.
389 3944 416 3982 v.
435 3918 561 3997 Ernesti.
615 3921 723 4069 msa·
748 3924 879 3985 Caesare
907 3946 1105 4011 magnopm

117 4016 252 4070 maxima
279 4004 436 4092 molestia]
475 4009 563 4090 Quid
614 4013 658 4068 mi
717 4009 978 4075 commendatum.

73 4097 207 4160 mirum?
242 4114 338 4176 quum
358 4109 485 4176 praere:
506 4095 571 4170 iai-r

117 4215 175 4290 aa.
196 4211 266 4280 r„.
290 4211 365 4267 unu
382 4207 425 4278 u.
501 4254 503 4258 .
865 4146 868 4151 Ι
966 4152 1033 4267 R¹
