2506 4808
197 332 263 406 534

445 307 729 379 EPISTOLA
775 298 1005 375 CLXVII.

199 502 380 598 postulent.
424 497 566 566 Satisne
596 499 658 563 tibi
680 496 800 569 videor
820 498 881 561 ahs
910 508 949 561 te
971 501 1035 562 ius
1064 496 1172 564 civile
1191 498 1245 564 did

202 605 302 677 etsie?

588 851 858 869 m-

201 1053 333 1133 Prnprie
357 1051 437 1108 enim
461 1050 486 1108 is
506 1044 591 1106 unde
605 1058 694 1124 pete·

201 1139 313 1209 betur,
342 1137 493 1209 postulare
521 1133 692 1189 advocatio·

203 1243 270 1282 nem
293 1221 474 1290 dicebatur,
497 1237 594 1298 quum
609 1212 693 1296 pust·

203 1329 297 1391 qnam
315 1310 432 1389 petitor
449 1309 604 1362 actionem
628 1302 693 1359 edi·

202 1388 308 1464 diiiet,
347 1403 471 1468 peteret
494 1390 517 1444 'e
544 1401 694 1465 praetore

202 1492 326 1556 ternpus
357 1471 551 1533 deliberandi
581 1469 694 1530 velitne

188 1559 282 1629 'iisse
299 1559 425 1628 iudicio,
443 1578 480 1616 stt
494 1555 695 1636 iecereqnod

202 1651 321 1729 petitor
370 1640 557 1721 potiuisbst.
622 1642 694 1700 Hoc

202 1747 326 1810 tempus
356 1730 429 1788 iden
455 1724 616 1787 dicebatur
641 1728 692 1782 ed·

205 1819 339 1888 uncatis,
386 1817 458 1894 quis
488 1829 553 1870 tum
575 1814 693 1871 anticos

202 1900 271 1979 suos
295 1898 508 1970 convocabat,
532 1918 601 1959 cum
625 1898 693 1977 qni·

201 1983 486 2054 bns'deiiberrbet,
507 1981 592 2043 unde
606 1999 695 2059 pete·

201 2071 312 2141 betur,
357 2086 434 2130 nuru
455 2067 547 2129 uellet
572 2065 693 2127 cautim

198 2161 345 2236 excipere
380 2175 417 2217 ec
454 2156 522 2213 iure
561 2153 694 2231 experiri

200 2260 311 2304 necne.
356 2241 396 2298 ttt
425 2237 610 2299 dicebantur
639 2237 692 2293 ad·

200 2326 301 2386 vorati
329 2326 480 2404 proprie,
507 2340 539 2383 et
569 2336 693 2401 tempus

200 2412 372 2471 aduocatio.
416 2411 524 2468 Senes.
544 2426 691 2490 prooem.

198 2496 254 2559 dib,
283 2496 336 2556 lV.
382 2510 524 2554 controv.
595 2485 693 2548 Tarta

199 2585 248 2644 t'tlt'
265 2581 449 2657 perturbatio
465 2577 551 2649 ficit,
588 2587 620 2634 ut
638 2578 693 2634 nd*

200 2669 385 2728 vocatiouem
421 2673 544 2738 peteret.
610 2663 692 2722 Hinc

199 2755 357 2814 avocatio
379 2768 441 2830 pro
465 2751 574 2830 quetis
590 2766 691 2808 more.

199 2842 308 2901 Senes.
333 2832 448 2895 consui.
473 2835 513 2892 sd
533 2833 634 2892 Marc.
663 2852 689 2893 c.

200 2942 253 2984 so.
290 2922 364 2979 nitri
393 2921 431 2976 de
461 2921 609 2976 hodierna
641 2918 692 2974 die

198 3009 422 3085 promittiturr·
443 3005 516 3079 satis
549 3022 691 3079 maguam

199 3096 425 3152 desertionem
460 3088 539 3149 dedi.
605 3083 692 3146 Nitit

197 3174 238 3239 ‘de
274 3180 359 3236 isra.
403 3175 441 3234 Et
470 3180 619 3233 advocare
646 3170 691 3233 est

197 3282 303 3326 mores
349 3277 484 3321 nectere.
541 3257 619 3318 Piin.
649 3257 690 3318 V.

198 3368 250 3428 ep.
272 3363 302 3421 ὅ.
340 3347 466 3427 ideoque
495 3346 616 3401 interim
639 3362 689 3402 ve·

196 3438 296 3506 stiam,
331 3452 368 3490 ne
395 3454 414 3487 a
430 3427 599 3504 forensibus
622 3448 687 3486 uer·

197 3521 241 3578 δίε
261 3520 400 3577 recedam
420 3516 588 3573 advocandi
606 3525 687 3588 petet

195 3600 228 3667 h.
245 3625 271 3667 e.
286 3623 391 3663 mores
408 3603 563 3660 nectendi.
576 3594 687 3658 Graes.

196 3687 379 3750 Wieiendus
393 3703 484 3746 erute
502 3679 590 3743 sends
607 3681 688 3743 sern-

195 3775 307 3856 putum
328 3771 401 3832 huie
422 3771 497 3831 loeo
529 3762 625 3827 inette
649 3767 689 3828 sb

195 3856 417 3939 interpretibus
444 3852 494 3912 vei
524 3848 691 3912 diffimnis»

194 3959 263 4005 tunt
281 3942 330 4006 vel
344 3940 533 4024 neglectum.
555 3937 689 4011 Etenim,

194 4024 219 4091 fi
240 4045 277 4088 ut
295 4047 403 4090 ornnes
424 4027 610 4103 opinantur,
632 4024 690 4081 du·

192 4129 288 4177 unte
299 4117 488 4194 interregno
507 4105 596 4170 suti·
614 4103 691 4171 οῦκ

748 1044 950 1118 iurisdictio,
1002 1047 1191 1125 quomodo
1216 1049 1246 1110 et

750 1149 823 1188 cero
841 1127 975 1189 sundere
991 1147 1140 1210 poteret
1164 1139 1198 1193 iis
1212 1155 1246 1193 un

750 1216 791 1273 de
812 1211 1007 1295 petebatur,
1036 1234 1076 1277 ut
1102 1240 1122 1278 a
1144 1215 1246 1302 finguiir

749 1298 956 1382 interregibus
999 1300 1101 1363 binus
1133 1305 1247 1364 edvers-

749 1389 851 1445 tiones
859 1380 1094 1464 postularent?
1111 1388 1175 1448 Cui
1187 1397 1247 1450 enin

751 1469 839 1531 bono
872 1488 924 1529 ees
957 1470 1202 1550 postulnffent,
1233 1471 1247 1533 i

750 1575 845 1616 sterno
863 1574 919 1615 eos
932 1557 967 1615 itt
985 1560 1036 1617 ius
1054 1579 1183 1621 vocure
1197 1558 1247 1640 pos·

751 1639 813 1701 set?
835 1640 947 1721 [teque
962 1641 1171 1705 Wieiendus
1192 1665 1247 1704 con·

751 1729 813 1784 iirit
858 1726 898 1783 de
935 1732 1096 1804 pecuniis
1143 1732 1247 1790 creditit

751 1809 835 1890 apud
848 1815 1027 1892 interreges
1042 1819 1101 1897 egi
1120 1812 1247 1894 potuiffe‚

751 1915 883 1975 eamque
905 1913 1035 1973 perteus
1072 1902 1246 1960 iurisdictio·

749 1987 795 2040 nir
820 1982 858 2039 ab
883 1982 1110 2064 interregibus
1135 2006 1246 2067 qnoque

750 2063 994 2125 edrntnittrstsm
1043 2067 1156 2131 fuisse.
1209 2073 1246 2130 Di·

750 2171 828 2234 gntts
850 2149 923 2210 sene
947 2148 995 2210 est
1025 2156 1168 2227 nodus,
1208 2158 1246 2236 qni

750 2237 927 2317 diligentius
943 2238 1162 2314 expediatur.
1195 2244 1245 2301 tto«

748 2319 801 2380 lint
830 2336 933 2379 temen
964 2319 1033 2381 hoc
1068 2344 1142 2385 utto
1173 2345 1246 2408 ergu-

749 2423 857 2465 mento
889 2409 1068 2486 quisquam
1105 2409 1165 2471 fibi
1191 2431 1246 2493 per·

749 2490 886 2561 intdest,
907 2493 1095 2576 interreges
1115 2501 1245 2577 interpe-

749 2582 874 2648 titores,
908 2590 940 2634 et
963 2596 1022 2638 eos
1052 2582 1146 2641 unde
1174 2599 1246 2662 pete·

748 2661 841 2722 betur
882 2663 928 2720 ius
974 2662 1105 2727 dixitte.
1176 2665 1246 2748 Quid

748 2747 850 2807 enirn?
885 2743 1051 2807 fiCicero
1082 2749 1155 2830 ipse
1179 2751 1246 2811 hunc

747 2834 853 2892 iocum
874 2829 960 2889 suurn
992 2832 1127 2894 riserit?
1180 2840 1246 2897 Neu

748 2917 842 2976 verbe
866 2934 947 2995 quse
972 2913 1179 2996 sequuntur:
1208 2917 1245 2978 So

748 3005 824 3059 tirus
853 3003 906 3058 titt
931 3002 1045 3060 videor·
1070 3008 1127 3063 abs
1158 3019 1190 3066 te
1214 3012 1246 3065 irs

746 3089 837 3148 riut'le
881 3087 1048 3161 dt'dict'ffe?
1099 3092 1246 3155 eiusmod

747 3171 830 3244 sunt,
861 3187 897 3231 ut
912 3172 1062 3232 videatur
1076 3184 1202 3250 vereri,
1216 3196 1246 3238 nt

747 3258 912 3317 Trebstius
934 3253 992 3314 fibt
1020 3262 1101 3321 iuris
1130 3266 1246 3345 impert

745 3346 819 3403 tistn
845 3338 1037 3420 exprobret,
1063 3351 1165 3425 quod
1188 3348 1246 3409 velit

744 3426 787 3487 sb
820 3426 1030 3508 interregibus
1067 3433 1246 3495 edvocstie

745 3531 801 3573 nes
821 3508 992 3596 postnisri?
1027 3512 1110 3576 Huc
1134 3536 1246 3581 eertnn

744 3594 815 3670 est,
855 3593 878 3655 fi
906 3600 1086 3680 interreges
1133 3605 1179 3665 do
1210 3623 1246 3666 re

745 3682 804 3744 bus
824 3681 947 3742 creditis
962 3684 1010 3743 ius
1027 3688 1185 3764 dixerint,
1207 3692 1247 3751 Gt·

746 3769 871 3828 resonis
897 3770 1003 3827 iocum
1042 3769 1248 3849 ssififfirnum

747 3849 792 3913 fin
805 3850 860 3911 iub
876 3854 1068 3934 interregnis
1089 3866 1197 3923 omnis
1212 3869 1247 3920 in·

744 3937 887 4086 Ἠώς)
901 3932 1080 4018 ceffrvesit,
1101 3945 1247 4032 ffigtdu.
