2506 4808
398 292 683 400 nuisuoun
745 294 872 364 xcv.
1090 317 1154 383 235

104 484 148 551 Id
180 495 258 549 erat
285 487 398 549 vocari
427 486 462 545 in
491 478 606 545 locum
638 490 773 549 mortui.
818 482 921 561 unul:
939 489 986 549 mi
1018 492 1152 572 turpius

103 585 204 673 apud
234 583 392 648 homines
423 580 553 663 fuisset3
592 607 703 668 neque
727 608 825 659 vero,
862 587 904 649 ad
933 584 1027 650 istam
1049 585 1153 675 ipsam

103 678 301 765 α’σΦαῖλεωιν
330 688 510 766 quicquam
539 682 695 750 alienius.
751 686 841 752 Sunt
869 693 957 751 enim
989 686 1037 751 illi
1065 688 1153 775 apud

103 788 226 851 bonos
248 781 418 851 invidiosi:
443 805 502 868 ego
517 785 605 870 apud
626 790 804 874 improbos
821 808 931 851 meum
949 787 1155 853 retinuissem

104 888 297 959 invidiam,
331 885 471 949 alienam
495 884 736 974 assumpsislem.
782 888 904 953 Caesar
923 911 978 952 me
1003 887 1061 954 libi
1082 889 1154 955 vult

107 986 176 1052 esse
191 986 353 1073 legatum.
396 984 579 1050 Honestior
595 984 679 1053 haec
694 985 877 1053 declinatio
893 991 1049 1078 periculi.
1080 992 1152 1059 Seu

106 1111 172 1175 ego
203 1086 274 1153 hoc
294 1111 385 1153 nuuc
405 1087 559 1174 repudio.
605 1087 697 1178 Quid
713 1110 799 1176 ergo
821 1088 893 1155 est?
916 1114 1069 1181 pugnare
1087 1115 1153 1158 mu·

72 1246 78 1261 .
104 1190 161 1279 ¹⁰3
192 1189 282 1259 nihil
303 1203 417 1269 tamen
440 1193 535 1251 certi.
577 1187 707 1255 Iterum
731 1191 828 1264 dico,
851 1198 980 1257 utinam
1004 1193 1152 1261 adesses!

108 1290 169 1361 led
196 1305 334 1367 tamen,
359 1291 380 1357 si
406 1295 470 1355 erit
493 1286 640 1362 necesse,
665 1290 877 1356 arceslemus.
922 1292 1014 1383 Quid
1038 1298 1152 1365 aliud?

109 1392 225 1481 quid?
249 1392 313 1457 hoc
338 1397 482 1481 opinor..
518 1389 616 1454 Certi
638 1387 750 1455 sumus
767 1391 886 1480 perisse
901 1401 1024 1461 omnia.
1059 1398 1152 1491 Quid

62 1488 69 1499 ’
107 1501 208 1562 enim
228 1490 429 1579 ἰαιζόμεθα
454 1486 606 1556 tamdiu?
626 1488 696 1555 Sed
713 1489 797 1559 haec
817 1492 927 1582 scripsi
944 1520 1152 1585 properans,

106 1610 145 1662 et
165 1593 369 1659 mehercule
394 1593 522 1658 timide.
565 1589 704 1657 Posthac
728 1594 769 1656 ad
791 1608 845 1668 te,
865 1609 938 1669 aut,
967 1596 988 1659 li
1010 1598 1152 1686 perfide.

105 1696 180 1762 lcm
205 1693 359 1770 habebo,
391 1695 544 1766 cuidem,
572 1691 715 1758 scribam
737 1693 835 1780 plane
863 1704 1000 1765 omnim.
1030 1703 1149 1776 uul,s1

108 1799 261 1865 obscure
287 1796 446 1870 scribam,
467 1808 505 1859 tu
530 1807 643 1859 tamen
662 1794 845 1884 intelliges.
890 1799 982 1865 lniis
1002 1803 1149 1888 epistolis

110 1922 169 1967 me
186 1897 360 1972 Laelium,
387 1911 421 1961 te
441 1897 579 1963 Furium
599 1897 737 1961 faciam:
761 1911 873 1962 cetera
897 1916 996 1965 eruut
1017 1913 1052 1970 ἐν
1072 1916 1151 1973 elui.

157 2027 219 2075 ως.

106 2028 156 2089 w
199 2099 268 2166 Hic
289 2100 473 2168 Caecilium
490 2099 647 2174 colimus,
673 2111 707 2165 et
722 2098 937 2168 observamus
955 2103 1179 2194 diligenter-4

501 2362 772 2378 m

106 2525 202 2615 geffit
211 2528 365 2599 Cicerone
379 2527 512 2593 consule.
527 2543 604 2592 orat.
660 2528 726 2589 sere
744 2527 860 2594 oblato.
902 2533 993 2592 Nunc
1013 2552 1087 2594 vero
1105 2537 1148 2596 ult

105 2635 174 2697 pro
211 2612 307 2677 Sulla.
351 2610 472 2675 Muuut.
534 2611 605 2674 1³0st
660 2613 784 2675 seillam
801 2617 975 2694 repudiare.

105 2712 295 2783 praeturum
316 2699 483 2780 proconsul
504 2700 606 2759 lueret
702 2701 906 2784 dxu1<iu23u]
919 2699 1147 2776 dillimulemuc,

105 2783 458 2864 Hffpnnieeulterioris.
662 2784 905 2866 tergiversamur.

154 2870 235 2926 nihil
263 2870 305 2926 mi
327 2869 463 2952 turpius]
498 2869 604 2950 Vulgo
703 2871 829 2952 tiuzide]
853 2892 964 2951 nempe
981 2877 1090 2932 lunens
1106 2891 1148 2933 ne

109 2954 190 3013 uiuit
213 2973 261 3011 me
286 2957 419 3028 turpius,
451 2955 538 3033 quod
560 2961 606 3012 in·
661 2952 738 3014 haec
753 2958 880 3034 epinole
905 2962 936 3016 in
957 2957 1069 3015 alienus
1084 2979 1148 3017 mu·

108 3039 321 3101 commodum
353 3035 413 3099 elle
441 3037 528 3098 sensit
550 3040 605 3098 Er·
661 3061 717 3099 nus
740 3040 898 3101 incideret.
942 3042 1081 3101 Eundem
1112 3047 1148 3102 li·

107 3120 240 3187 uibus.
282 3124 392 3206 Itaque
414 3144 453 3182 eo
476 3140 606 3183 auctore
661 3145 780 3183 morem
819 3123 965 3208 fignificat
1010 3148 1059 3206 ep.
1082 3125 1147 3208 seq.

107 3204 255 3287 rescripsi
288 3211 341 3269 mi.
405 3210 442 3268 Et
475 3206 515 3267 lic
544 3207 606 3268 lioc
661 3207 706 3268 his
730 3211 844 3270 verbis:
865 3215 923 3268 iam
946 3212 1024 3269 euim
1044 3213 1147 3272 charte

107 3292 291 3354 membrum
323 3292 463 3375 sequenti
496 3293 605 3353 melius
661 3296 722 3368 ipsa
749 3317 862 3354 nenos
888 3301 1015 3372 prodat,
1054 3301 1146 3373 perti-

109 3380 273 3442 convenlt.
660 3381 763 3454 mesto.

154 3466 214 3521 hoc
252 3484 327 3521 nilne
365 3463 511 3548 repudio]
554 3465 605 3524 Sie
706 3461 862 3548 Laelium]
888 3467 922 3526 C.
938 3467 1075 3528 Laelium
1101 3467 1147 3529 sa·

106 3547 283 3609 Lambinus
308 3569 327 3608 e
347 3554 523 3609 coniectum
547 3551 604 3608 Pe·
659 3553 806 3630 pientem.

106 3639 151 3697 tri
179 3631 283 3693 Fabri.
333 3633 437 3715 Vulgo
464 3638 517 3690 loc
546 3655 603 3691 uon
705 3631 847 3716 Furium]
872 3635 905 3698 L.
929 3636 1053 3696 Furium
1076 3636 1147 3698 Plu-

106 3721 251 3793 repudio.
297 3717 330 3775 Si
349 3717 604 3778 uuncvenunell
659 3718 741 3786 lum,
777 3721 872 3778 Laelii
895 3723 1057 3801 aequalem
1081 3725 1145 3784 cic.

106 3805 252 3865 refertur
280 3802 320 3861 ed
345 3804 378 3862 id
405 3803 493 3882 quod
514 3802 605 3883 supro
661 3805 702 3864 dc
719 3808 814 3864 Amic.
836 3826 861 3863 c.
885 3807 933 3865 26.

107 3886 292 3970 scripserat,
315 3884 345 3946 se
363 3889 503 3947 nonduin
530 3893 605 3948 certi
704 3896 733 3966 4.
747 3886 929 3974 Caecilium]
948 3891 1037 3951 Anici
1052 3909 1146 3953 avun-

109 3974 193 4057 quid
233 3967 416 4032 consiiniisso
453 3973 494 4031 de
528 3979 607 4032 ecci·
662 3973 775 4037 culum.

107 4056 235 4142 piende
247 4056 407 4140 legatione
421 4055 476 4117 fibi
495 4081 511 4117 u
529 4060 607 4120 Coe·
