2506 4808
321 296 611 369 EPISTOLA
653 299 839 367 XXXVI.
1031 318 1098 387 ³05.

124 494 322 576 maregnum
347 488 413 563 est,
441 502 476 554 et
497 489 582 555 ferri
603 487 696 555 nullo
715 500 816 576 pacto
831 486 952 576 potest.
993 487 1101 553 Emit·

120 601 156 652 tat
171 590 204 653 ad
219 614 268 658 mo
287 591 425 658 Publius
451 596 509 674 qui
535 587 727 677 obsignent5
768 592 906 663 iurabo,
944 588 1101 657 Gnaeum

116 687 247 781 nostrum,
273 695 438 784 collegam
451 692 565 767 Balbi,
596 689 699 760 Antii
714 687 799 757 mihi
819 689 983 768 narrasse,
1009 690 1097 767 inin
1123 728 1129 783 3

116 793 224 881 ospicio
239 797 345 862 fuisse.
1038 818 1041 826 ·

116 928 119 937 ·
164 895 312 966 Oinarea
330 898 485 988 epistolas
500 902 596 973 tuaa‘,
618 921 689 965 uno
711 910 867 985 tempore
888 892 973 961 mihi
988 895 1095 970 datas,
1107 909 1131 954 a

114 993 184 1064 duni
213 1003 331 1086 quibus
353 1001 525 1080 ἐυαγγέλια
542 1022 626 1084 quae
641 999 800 1073 reddam,
822 995 951 1063 nescio:
981 999 1101 1069 deberi

114 1100 215 1180 quidem
234 1103 333 1192 plane
356 1103 475 1168 fateor.
520 1099 590 1167 Sed
613 1102 690 1167 vide
715 1093 908 1187 omniparen-
951 1100 1103 1175 Emerse-

112 1220 161 1264 ran
176 1205 389 1270 commodum
412 1226 455 1269 ex
477 1201 611 1270 Antiati
631 1208 669 1267 in
689 1198 838 1291 Appiam
860 1200 903 1265 ad
926 1198 1011 1271 Tris
1034 1198 1102 1267 Ta-

112 1299 220 1380 bernas,
243 1304 321 1394 ipsis
343 1305 546 1379 Cerialibus,
575 1326 677 1388 quum
697 1309 733 1368 in
749 1325 803 1367 me
822 1309 967 1368 incurrit
990 1304 1102 1371 Roma

112 1411 215 1472 veniens
224 1409 331 1474 Curio
347 1429 444 1472 meus
453 1431 462 1491 ;
477 1406 604 1472 ibidem
622 1403 700 1470 ilico
718 1406 803 1492 puer
816 1406 875 1469 abs
891 1417 926 1469 te
944 1429 1020 1472 cum
1035 1412 1102 1496 epi·

111 1499 181 1581 stolio.
199 1580 203 1587 ,
218 1508 281 1587 Ille
297 1530 342 1575 ex
359 1530 429 1574 me:
456 1507 586 1577 nihilne
611 1506 771 1577 audissem
791 1513 891 1589 novi3
914 1529 978 1596 ego
1000 1531 1102 1599 nega-

111 1625 142 1709 ξε.
169 1608 322 1685 PubliuS,
346 1615 472 1694 iuquit,
500 1612 711 1675 tribunatum
731 1608 840 1696 plebis
859 1615 956 1698 petit.
1007 1610 1102 1702 Quid

111 1708 159 1773 ait?
187 1726 220 1778 et
237 1712 481 1780 inimicissimus
506 1710 643 1794 quidem
665 1708 835 1784 Caesarie,
865 1725 900 1775 et
920 1719 1101 1791 mumulo,

109 1811 196 1895 inqut,
215 1813 277 1879 ista
290 1815 468 1880 rescindat.
512 1811 603 1904 Quid
623 1806 765 1877 Caesar?
783 1819 932 1898 inquam.
978 1813 1105 1903 Negat,¹

61 1920 63 1925 '
110 1906 130 1979 se
141 1921 308 2004 quicquam
322 1918 366 1987 de
376 1916 466 1989 illius
481 1906 663 2007 adoptione
681 1910 801 1983 tulisse.
844 1914 979 1983 Deinde
995 1915 1102 1997 suum,

340 2087 349 2136 l

456 2140 724 2162 -υ-ι--ο--ι-υ-μι

107 2286 262 2383 irrogasse
280 2299 391 2360 dicitur
398 2334 409 2373 ,
435 2295 467 2359 sa
481 2303 566 2383 quio-
621 2315 694 2358 man
706 2317 823 2384 negare
836 2320 903 2365 non
917 2301 1029 2384 posset.
1051 2313 1107 2386 ep',

106 2385 255 2529 §petzamin
287 2383 462 2467 adoptione
490 2385 565 2448 cto·
621 2387 744 2530 sundri:
760 2385 914 2466 auspicio,
942 2405 1105 2532 tampuam

234 2513 242 2529 .
740 2492 868 2532 mnam
919 2495 994 2533 uum
1023 2494 1106 2536 erre-

110 2576 114 2583 ·
134 2556 174 2627 qui
187 2555 350 2639 obfignent]
391 2559 463 2619 scil.
484 2558 566 2621 tosti.
620 2490 683 2611 turg
685 2557 798 2614 curiata
812 2516 880 2631 lex:
897 2494 1032 2642 (dugures
1050 2559 1106 2619 ad*

105 2642 219 2698 nonium
234 2660 339 2700 meum
355 2645 444 2725 quod
459 2648 562 2706 iurato
620 2635 681 2696 elle
712 2646 863 2719 oportuit.
893 2664 942 2723 ep.
972 2645 1025 2706 ult.
1050 2644 1106 2711 lib,

105 2713 220 2786 firmabo.
258 2722 392 2803 Ernesti.
618 2721 672 2783 IV.
691 2742 740 2802 ep.
754 2738 785 2797 5.
800 2725 820 2785 l.
837 2728 889 2787 Ill.
920 2725 1041 2788 Manui.

135 2808 400 2896 mllogamtssalbi]
442 2811 479 2873 In
499 2814 563 2873 XX
663 2810 902 2895 2.commodum]
928 2816 978 2874 Sic
994 2818 1109 2878 Cicero

105 2891 178 2955 vitatu
200 2918 249 2977 ep,
275 2918 304 2976 7,
347 2902 453 2958 Atium
480 2903 563 2958 enlm
618 2888 818 2973 semperhoc
838 2895 1022 2980 fignificatu3
1049 2906 1107 2961 ita.

104 2967 219 3055 Balbum,
242 2986 296 3062 qui
312 3001 467 3045 maternus
491 3004 563 3044 avua
619 2996 682 3057 qua
696 2980 820 3062 reposui
840 3005 901 3064 pro
924 2986 1006 3070 vulg.
1028 3007 1113 3046 corne

104 3059 204 3144 Augusti
217 3068 286 3140 suit,
309 3086 404 3148 quum
423 3069 563 3143 exlusit,
620 3067 717 3125 ruodo.

107 3142 217 3210 Caesaris
240 3151 367 3226 sorore,
388 3157 489 3214 Atiam
511 3174 565 3236 ge-
665 3144 756 3205 Curio
771 3151 867 3234 meus]
885 3153 991 3226 Addit,
1006 3178 1105 3232 meua,

105 3239 199 3309 ouant,
233 3240 266 3295 in
290 3238 353 3297 XX
375 3243 444 3299 viris
465 3236 563 3309 suisio,
621 3231 661 3290 ad
690 3231 893 3296 differentiam
915 3244 995 3319 quiaf
1015 3258 1108 3322 pater

105 3311 248 3381 Suetonius
272 3341 378 3384 narrat
399 3330 431 3384 in
448 3327 565 3408 Augu.
622 3319 718 3378 Curio
735 3322 866 3394 vivebat,
889 3326 1001 3384 eodem
1017 3349 1108 3406 prae·

106 3391 146 3459 sto·
161 3404 317 3467 Necabest
330 3412 446 3470 irdnia:
464 3409 565 3489 quod,
619 3408 765 3464 nomine:
781 3410 1046 3487 quemadmodum
1057 3435 1110 3494 ep.

106 3484 233 3573 collegam
271 3489 389 3554 habere
416 3495 566 3566 Balbum,
621 3490 866 3564 34.adeittadem
885 3497 1028 3555 Curionis
1048 3520 1110 3558 no-

107 3559 238 3636 l0rniuem
260 3579 436 3650 Aricinum,
465 3578 567 3638 bono·
621 3593 693 3631 men
732 3578 902 3660 adscripsit,
944 3583 1107 3658 adolescan-

106 3650 167 3719 ribut
185 3682 246 3722 non
270 3661 438 3748 insignem,
476 3664 568 3723 Pom·
623 3669 701 3715 tem:
740 3682 790 3743 ep.
814 3682 919 3726 nutem
941 3666 1112 3742 5o.filius.

108 3743 162 3809 peio
190 3749 309 3824 Magno
347 3765 439 3830 turpe
470 3751 567 3810 videri
622 3740 745 3802 Muout.
1106 3742 1112 3807 ζ

109 3823 194 3894 pollet.
216 3829 337 3890 Manui.
477 3886 479 3891 ,
646 3829 749 3913 '‘iss‘]
812 3834 910 3917 Legae
961 3836 1109 3899 Caesaris.

141 3913 421 3998 inauspicio'foisse]
459 3919 565 3997 Quum
624 3918 713 3999 quod
741 3916 870 3981 Clodius
896 3925 929 3981 io
951 3921 1112 3990 tribunatu

112 3982 146 4049 lex
162 4007 269 4063 curiata
289 4004 438 4062 serretur:
480 4004 567 4083 quod
623 4018 753 4064 conatus
769 4002 820 4063 eil.
1110 4042 1114 4049 -

112 4067 251 4164 Pompeius
264 4088 400 4172 negabat
412 4106 506 4168 quum
524 4103 569 4148 ta-
657 4085 767 4168 suitur]
809 4089 912 4152 Valde
929 4093 1013 4152 euim
1030 4091 1113 4154 Cae-
