2506 4808
337 285 629 390 uatsroaa
682 287 818 359 xctt.
1051 307 1094 368 31

60 474 264 563 conquielti:
301 497 382 563 ego,
412 480 579 559 quianon
600 475 746 541 idemin
769 487 827 540 tua
848 471 942 541 causa
965 471 1096 552 efficio,

60 587 166 649 vitam
188 577 272 644 mihi
296 576 359 642 elle
384 579 540 642 acerbam
563 590 692 666 putem.
735 578 775 643 In
790 577 884 645 caula
904 574 987 641 haec
1006 574 1095 642 suut.

106 947 136 1003 let
158 955 210 1001 luce
230 942 335 1027 ceusu]
364 943 432 1005 Rex
450 940 554 1024 Aegy·
608 939 770 1004 hemenler
784 954 909 1023 optatur
923 947 1011 1026 regni
1024 961 1099 1004 con·

64 1032 112 1110 pti
134 1028 332 1090 Ptolemaeue
353 1029 479 1089 Auletes
508 1030 555 1085 di·
609 1025 751 1088 firmandi
778 1026 885 1097 caula,
917 1048 1099 1112 magnoque

66 1129 158 1185 aar,
199 1117 273 1194 quia
306 1113 388 1174 tibiis
423 1130 555 1183 maere,
610 1129 734 1194 emptae
766 1109 972 1173 necessitatem
1001 1133 1100 1196 quaa·

65 1215 194 1278 praeter
215 1198 399 1282 dignitatem
420 1201 555 1280 regiam,
611 1197 684 1259 darn
708 1196 892 1258 Ptolemaeo
917 1198 1018 1259 attulit
1038 1204 1101 1260 Ae·

64 1282 173 1345 solitae
193 1279 285 1355 ellat,
306 1299 398 1364 peter
419 1280 557 1363 Cleopa·
612 1286 738 1368 gyptioe
765 1277 953 1344 offendendi.
1016 1285 1101 1344 Nam

66 1385 151 1441 rrae,
171 1364 344 1429 notillimae
356 1370 506 1439 leminea,
524 1380 557 1427 et
612 1388 710 1449 quum
748 1365 786 1425 eb
822 1369 858 1427 ile
893 1367 1101 1431 intolerabille

68 1456 135 1513 eine
162 1451 352 1527 Ptolemaei,
394 1455 480 1513 cuiae
513 1447 558 1512 eti
612 1451 727 1514 tributa
748 1455 900 1536 erigeret,
920 1457 1047 1513 incurrit
1067 1456 1102 1516 in

67 1532 147 1597 iullu
180 1538 359 1599 interiectae
387 1537 557 1617 Pompeiae
613 1557 724 1599 eorum
740 1536 831 1610 odia,
855 1556 978 1619 aequo
998 1534 1102 1597 multi·
1236 1543 1244 1561 ‘

67 1622 222 1705 Magnae,
245 1620 423 1684 societatem
436 1636 469 1680 et
482 1623 558 1682 aml-
613 1622 721 1682 tudine
737 1626 907 1693 concitare,
928 1627 1008 1683 urae
1029 1620 1103 1683 suae

68 1712 172 1768 citiam
197 1706 308 1788 populi
336 1707 473 1769 Romani
503 1705 558 1765 diu
613 1711 741 1777 timeae,
784 1725 803 1766 e
833 1727 932 1790 regno
952 1707 1101 1768 Romanu

69 1795 237 1871 expetitam
280 1795 458 1870 impetravit
504 1787 559 1848 eli·
614 1790 755 1874 profugit
777 1790 912 1852 Lentulo
935 1789 1102 1872 Spinthere

71 1875 219 1956 quando,
242 1874 372 1937 Caesare
394 1890 425 1936 et
445 1871 558 1935 Bibulo
616 1875 748 1937 Metello
776 1877 905 1956 Nepote
933 1873 1006 1938 coll'.
1029 1879 1049 1938 ‘a
1072 1897 1103 1937 e.

71 1956 155 2021 ooli.
170 1959 256 2023 Caes.
274 1961 314 2023 de
330 1959 416 2021 bello
429 1964 484 2020 civ.
504 1956 559 2019 lib.
616 1958 743 2023 biennio
766 1957 854 2041 poll,
886 1979 979 2041 quaen
1002 1965 1034 2022 in
1053 1959 1101 2022 lo·

70 2045 126 2106 lll.
154 2066 179 2106 c.
206 2065 274 2122 ¹07·
316 2045 372 2107 llla
408 2044 559 2124 cupiditas
615 2050 759 2107 dietatem
791 2049 1019 2127 amicitiamque
1041 2066 1104 2126 po·

72 2143 157 2190 tante
180 2127 330 2191 societatis
352 2146 383 2191 et
409 2133 561 2189 amicitiae
616 2131 683 2212 puli
704 2128 839 2195 Romani
859 2147 1002 2211 receptae
1027 2144 1103 2193 eret.

71 2213 184 2296 populi
206 2216 340 2277 llomaui
367 2234 434 2274 non
461 2211 560 2274 solutu
618 2210 751 2293 Quessue
765 2219 922 2286 iniuriam,
942 2221 1048 2296 petiit,
1069 2231 1105 2277 nt

73 2319 166 2359 exeo
185 2316 274 2372 nata,
298 2302 371 2382 quia
387 2295 561 2378 superioree
616 2296 845 2369 restitueretur,
866 2304 1106 2383 impetravitque
1217 2361 1221 2367 ,

73 2383 140 2445 iore
161 2403 270 2444 omaee
295 2388 427 2467 aegypti
453 2402 561 2465 regen,
616 2403 683 2445 nort
711 2402 826 2466 magno
854 2390 1010 2467 negotio,
1055 2383 1106 2446 vel

75 2468 209 2529 eundem
243 2466 399 2530 honorem
436 2470 561 2547 adepti,
618 2469 762 2548 Pompeii
788 2472 904 2549 gretia,
942 2473 1007 2530 eiua
1033 2489 1106 2529 ceu·

74 2550 259 2634 praesidium
282 2549 413 2615 adversae
439 2554 574 2630 tempo·
618 2549 681 2616 lere
709 2555 898 2625 adiuvantia,
937 2553 980 2614 ob
1005 2558 1108 2614 eutici·

74 2638 158 2698 ribue
172 2641 203 2698 itt
217 2636 279 2697 lide
293 2658 330 2699 ac
343 2637 563 2699 tutelalloma·
618 2641 692 2697 tiam
704 2635 919 2698 Mithridatico
934 2636 1017 2700 bello
1032 2658 1108 2699 con·

74 2721 290 2804 noramsaepe
303 2729 467 2783 maximum
480 2727 562 2782 inve·
619 2737 748 2783 tractem
757 2764 768 2796 ,
786 2721 836 2782 rel
853 2718 1039 2807 suffragante
1054 2742 1109 2803 pe·

74 2826 202 2880 nerant,
224 2812 455 2878 verumetiam,
473 2805 563 2889 quod
620 2811 732 2880 cunia,
773 2805 852 2867 clam
881 2809 984 2869 multia
1012 2808 1108 2881 deta,

75 2890 160 2972 ipse,
187 2889 241 2952 aila
264 2890 362 2953 sociae
384 2897 563 2974 amicaeque
620 2890 801 2962 ueletiam,
824 2893 912 2973 quod
928 2898 1009 2977 regie
1027 2892 1110 2955 bene

76 2976 189 3058 populi
210 2977 304 3037 llam.
334 2976 563 3059 appellaretur,
621 2977 662 3038 de
684 2975 844 3057 republica
867 2982 968 3040 meriti
997 2981 1109 3055 (nem,

76 3059 214 3123 stabilem
250 3058 303 3121 sibi
336 3078 431 3142 atque
466 3078 565 3122 tutam
621 3076 656 3121 ut
678 3061 778 3123 Plinio
806 3061 963 3124 relerente
990 3083 1112 3146 coguo-
1209 3072 1221 3087 ⁶

77 3143 566 3312 {illlliillsllssltss
621 3144 736 3293 ilie
764 3147 1113 3316 lilpglialT'ellff

77 3320 213 3398 primam
234 3316 323 3396 quod
336 3317 500 3377 Alexandri
517 3336 566 3378 re·
623 3321 765 3396 equitum
794 3314 890 3377 millia
914 3317 1113 3379 Ptolemaeae

79 3405 125 3483 gie
153 3405 206 3482 qui
233 3406 389 3481 proximae
418 3420 566 3483 regnave·
623 3400 679 3463 luo
700 3399 822 3482 sumptu
832 3398 978 3480 rnilerat)
999 3417 1031 3464 et
1047 3406 1113 3464 eiue

78 3501 145 3557 rat,
188 3482 369 3547 taliamento
405 3489 567 3569 Aegypton
623 3493 722 3569 regim
748 3507 842 3569 quem
866 3485 987 3549 leuatae
1009 3507 1115 3569 popu·

79 3569 228 3631 Romania
255 3571 361 3631 relicta
389 3572 567 3648 dicebatu13
604 3570 736 3652 .lueque
778 3570 940 3634 Romanae
986 3572 1115 3633 biennio

80 3655 194 3715 deiude
202 3696 213 3726 ,
235 3656 324 3736 quod
338 3653 402 3736 iple
421 3676 487 3717 uon
500 3674 568 3716 tuo·
625 3673 716 3728 auto,
730 3654 862 3717 Caesare
875 3674 906 3717 et
915 3657 1028 3718 Bibulo
1041 3652 1116 3718 coll.

80 3739 124 3802 do
154 3739 318 3801 Alexandri
345 3746 425 3824 regie
451 3742 571 3801 mortui
624 3741 741 3803 loeium
755 3757 850 3825 atque
865 3741 1117 3822 emicumappel·

79 3821 175 3893 filiae,
217 3845 325 3886 verum
354 3847 412 3886 nac
435 3847 453 3884 a
479 3845 514 3887 re
537 3829 571 3888 'o
625 3823 731 3898 lullae,
761 3831 886 3889 iniuriae
908 3824 1028 3900 ulcisci,
1048 3844 1117 3887 nou

82 3928 198 3990 genere
213 3906 273 3970 elle
295 3911 473 3990 putabatur.
625 3912 727 3973 modo
743 3911 872 3985 lullum,
895 3909 948 3971 lod
968 3910 1118 3991 exemplo

81 4014 143 4055 nor
173 3998 266 4076 igitur
289 3994 342 4054 ille
363 3995 515 4056 societatie
539 4009 574 4056 ee
628 4002 721 4057 etiam
758 3997 836 4059 utile
881 3993 1119 4077 specialemque

82 4082 235 4143 amicitiae
248 4079 502 4161 popaliliomeui
519 4098 573 4143 ee·
627 4079 800 4144 aidebmur.
862 4080 920 4143 ilie
949 4077 1049 4143 cealie
1072 4080 1123 4141 aaa
