2506 4808
352 303 640 376 errsrocx
684 304 814 376 cxx.
1049 336 1110 400 ηρ

71 517 137 580 que
159 495 224 582 e'go
242 490 376 582 egissem
398 494 441 558 de
463 489 532 558 istis
555 493 739 580 operibus,
761 509 860 581 atque
882 491 1106 587 inscriptioni·

70 599 157 670 bus,
177 616 240 682 per
255 594 338 660 mihi
361 597 504 682 benigne
521 592 710 680 respondit3
735 618 890 685 magnam
913 599 1002 688 spem
1019 615 1104 668 attu-

67 694 121 761 lit.
165 697 254 762 Cum
269 690 384 761 Crasso
402 694 434 759 se
451 696 536 758 dixit
552 695 644 778 loqui
664 695 766 779 velle3
788 697 936 784 mihique
958 712 996 765 ut
1010 703 1103 768 idem

69 798 240 870 facerem,
269 795 371 862 suasit.
416 796 567 862 Crassum
585 796 754 861 consulem
772 819 815 861 ex
832 798 947 864 senatu
962 802 1104 869 domum

67 899 209 981 reduxi;
247 897 396 984 suscepit
416 918 508 980 rem3
543 899 697 983 dixitque
728 897 811 974 esse,
847 903 936 986 quod
959 904 1101 973 Clodius

67 997 135 1063 hoc
158 1013 315 1086 tempore
332 1013 471 1086 cuperet
492 1023 554 1089 per
579 999 629 1076 se,
655 1014 687 1064 et
704 1022 765 1088 per
779 998 976 1091 Pompeium
992 1006 1104 1072 conse·

67 1104 143 1184 qui:
165 1113 284 1185 putare
305 1098 358 1173 se,
380 1094 402 1162 si
427 1123 490 1189 ego
513 1124 589 1168 eum
604 1124 673 1167 non
691 1101 909 1189 impedirem,
933 1106 1024 1194 posse
1046 1128 1102 1172 ma

67 1199 205 1287 adipisci
228 1199 294 1265 fine
312 1209 531 1267 contentione
549 1204 639 1288 qnod
656 1201 789 1268 vellem.
834 1200 967 1271 Totum
991 1213 1021 1273 ei
1046 1228 1102 1274 ne*

66 1309 199 1392 gotium
212 1299 361 1392 permisi,
381 1323 502 1398 meque
516 1309 552 1371 in
571 1309 642 1368 eius
659 1300 824 1392 potestate
841 1304 912 1370 dixi
929 1309 1015 1372 sore.
1048 1308 1100 1374 In·

66 1405 185 1470 terfuit
200 1405 279 1471 huic
302 1403 446 1469 sermoni
461 1398 497 1468 Ρ.
515 1403 649 1479 Crassus
674 1402 888 1487 adolescens,
910 1408 1015 1474 nostri
1039 1412 1101 1493 (ut

65 1504 149 1590 scis)
167 1501 426 1572 studiosissimus.
470 1501 556 1570 Illud
573 1517 703 1580 autern,
729 1505 822 1589 quod
839 1515 931 1596 cupit
941 1508 1100 1584 Clodius,

65 1607 114 1672 est
129 1608 256 1695 legatio
273 1607 398 1690 aliqua,
418 1603 439 1668 si
455 1611 567 1671 minus
582 1629 645 1693 per
660 1604 830 1682 senatum,
849 1631 912 1696 per
926 1609 1100 1695 populum,

64 1706 192 1781 libera,
211 1719 267 1770 aut
284 1707 500 1801 Byzantium,
518 1719 575 1772 aut
593 1708 633 1770 ad
648 1705 882 1794 Brogitarum,
905 1723 1099 1776 aututrum⁴

66 1829 143 1891 que.
187 1807 292 1873 Plena
313 1829 368 1875 res
391 1828 622 1874 nummorum.
667 1804 772 1897 Quod
792 1829 854 1897 ego
869 1829 941 1876 nou
954 1818 1098 1879 nimium

448 2041 717 2058 Μ

105 2217 239 2289 operibus
267 2226 358 2298 atque
389 2217 552 2293 inscriptio·
609 2209 758 2274 bislirnam
805 2217 838 2275 in
876 2213 1097 2278 Marcellinum

62 2298 166 2382 nibus]
189 2302 321 2361 Videtur
336 2305 488 2363 eiusmodi
504 2322 552 2363 rea
609 2298 783 2371 consulem,
816 2301 959 2384 Pompeii
989 2299 1098 2362 Crassi·

61 2381 169 2456 luisse,
191 2406 272 2464 quae
292 2384 357 2446 steri
376 2383 438 2446 fine
451 2386 552 2468 publi·
609 2404 672 2464 que
700 2383 862 2445 conatibus
891 2383 1095 2460 resistentem,

40 2489 98 2551 sca
122 2469 321 2531 consensione
348 2491 413 2530 non
440 2469 551 2550 posset.
607 2466 767 2531 habuerat.
789 2470 853 2530 Dio
876 2468 928 2532 lib.
945 2472 1094 2534 XXXIX.

61 2553 551 2635 lteqnedebatoperamCicero,
608 2551 728 2616 Manui.

60 2656 103 2699 ne
119 2639 247 2700 Clodius
272 2639 497 2713 adversaretur,
520 2657 551 2702 et
647 2641 678 2695 in
701 2639 762 2696 eius
784 2635 950 2720 potestate]
981 2657 1096 2720 nempe

61 2738 98 2782 ut
112 2725 285 2802 Pompeio,
306 2723 477 2806 Crassoque
496 2727 550 2785 ad·
603 2726 636 2783 in
653 2721 766 2796 Crassi,
785 2739 819 2782 ut
835 2728 944 2783 Cicero
964 2729 1097 2802 promit·

61 2811 216 2868 sutoribus
249 2827 397 2873 ureretur.
442 2813 550 2892 Opera
606 2823 702 2880 teret,
734 2806 850 2868 senon
873 2811 1096 2888 impediturum

60 2911 137 2952 vero
166 2893 230 2973 ipsa
254 2911 349 2975 atque
376 2897 550 2975 inscriptio·
605 2889 725 2974 siquid
743 2893 860 2954 Clodio
876 2890 996 2954 Crassus
1020 2913 1096 2956 con·

60 2994 134 3049 nea,
181 2980 354 3060 dequibus
383 2980 550 3040 laborabat
607 2980 719 3037 cedere
744 2978 845 3037 vellet.

62 3062 216 3143 Quintus,
236 3065 420 3125 crediderim
440 3063 549 3149 signifi·
649 3059 683 3122 P.
710 3056 848 3146 Crasjirs]
890 3063 936 3123 M.
962 3060 1094 3125 consulis

60 3152 124 3207 cari
147 3152 178 3207 in
207 3168 256 3227 ep.
277 3150 300 3209 l.
323 3149 393 3208 libri
415 3150 476 3210 111..
496 3151 550 3210 ubi
604 3144 702 3219 silius,
724 3148 923 3227 eloquentiae
942 3166 1012 3206 curo
1032 3151 1095 3226 pri·

58 3237 178 3293 mentio
202 3235 242 3291 de
257 3232 389 3294 Telluris
409 3235 488 3294 aede
505 3234 547 3295 su.
604 3236 662 3292 mis
685 3231 825 3308 deditus3
854 3236 908 3313 qui
927 3230 999 3313 lege
1021 3232 1094 3293 Clo·

59 3317 139 3376 Nam
177 3319 216 3376 ad
256 3339 324 3377 eam
354 3319 550 3398 aedemfiers
606 3317 656 3376 dia
681 3316 899 3399 promulgata,
934 3337 1003 3374 cum
1026 3316 1094 3377 Ro·

59 3402 208 3482 quiddam
233 3402 327 3482 atque
351 3403 469 3462 inscribi
494 3403 548 3464 suo
604 3421 716 3460 manae
735 3404 899 3460 iuventutis
920 3404 1025 3482 viginti
1048 3400 1094 3461 sa·

58 3486 202 3546 videlicet
215 3489 482 3569 nomiueQuintus
496 3510 550 3549 vo·
604 3507 638 3546 re
660 3485 793 3546 millibus
812 3484 950 3544 vestitum
968 3486 1095 3546 Cicero·

57 3569 152 3630 lebat.
218 3573 253 3631 ld
279 3578 394 3634 curavit
419 3568 548 3645 Cicero,
604 3577 650 3631 nia
676 3568 763 3629 causa
793 3583 974 3628 mutaverat
1022 3568 1093 3629 Plu·

57 3671 92 3715 ut
117 3655 217 3715 scribit
240 3656 304 3736 ipse
331 3663 363 3718 iu
388 3679 427 3718 oo
454 3658 547 3729 loco,
604 3653 727 3714 terchua
758 3659 792 3714 in
814 3658 874 3714 vira
897 3655 962 3714 Cic.
999 3665 1092 3728 απ.

58 3741 238 3822 diligentem
279 3741 408 3803 statuam
453 3748 547 3803 etiam
604 3735 726 3800 Manat.
1029 3755 1031 3759 ’

57 3827 160 3888 fratria
181 3826 300 3890 locavit.
345 3823 465 3890 Manat.
648 3820 825 3902 Byzantium
852 3831 905 3879 erut
929 3822 970 3878 od
987 3813 1093 3898 Brogi-

99 3931 154 3985 ρει·
175 3908 370 3995 Pompeium]
389 3935 457 3973 cnm
480 3929 547 3990 qno
602 3906 759 3989 gitarum]
800 3922 833 3967 nt
874 3927 891 3966 a
920 3904 1093 3989 Byzantiis,

55 3999 89 4056 in
122 4001 251 4078 gratiam
287 4018 370 4071 anno
399 4000 547 4078 proximo
604 3994 692 4071 quod
725 4012 780 4052 cot
810 3990 950 4051 tribunus
980 3989 1024 4068 pl.
1052 3988 1092 4052 ab

54 4081 548 4163 redieruucoocionamqoaecer·
603 4077 706 4145 exsilio
730 4077 783 4139 sue
801 4075 874 4162 lega
900 4072 1091 4152 restituerat,

99 4195 405 4284 mmmn
916 4166 988 4238 ΧΙ
