<?xml version="1.0" encoding="UTF-8"?>
<!DOCTYPE html PUBLIC "-//W3C//DTD XHTML 1.0 Transitional//EN"
    "http://www.w3.org/TR/xhtml1/DTD/xhtml1-transitional.dtd">
<html xmlns="http://www.w3.org/1999/xhtml" xml:lang="en" lang="en">
 <head>
  <title>
</title>
<meta http-equiv="Content-Type" content="text/html;charset=utf-8" />
  <meta name='ocr-system' content='tesseract 3.04.00' />
  <meta name='ocr-capabilities' content='ocr_page ocr_carea ocr_par ocr_line ocrx_word'/>
</head>
<body>
  <div class='ocr_page' id='page_1' title='image "./mtciceronisepis00billgoog/mtciceronisepis00billgoog_0561.png"; bbox 0 0 2506 4808; ppageno 0'>
   <div class='ocr_carea' id='block_1_1' title="bbox 121 324 912 412">
    <p class='ocr_par' dir='ltr' id='par_1_1' title="bbox 121 324 912 412">
     <span class='ocr_line' id='line_1_1' title="bbox 121 324 912 412; baseline -0.016 -4"><span class='ocrx_word' id='word_1_1' title='bbox 121 349 193 412; x_wconf 70' lang='grc' dir='ltr'>,ωε</span> <span class='ocrx_word' id='word_1_2' title='bbox 381 324 665 400; x_wconf 70' lang='lat' dir='ltr'><strong>&#39;selsToLA</strong></span> <span class='ocrx_word' id='word_1_3' title='bbox 719 328 912 398; x_wconf 74' lang='lat' dir='ltr'>CXLVI.</span> 
     </span>
    </p>
   </div>
   <div class='ocr_carea' id='block_1_2' title="bbox 110 517 1171 1119">
    <p class='ocr_par' dir='ltr' id='par_1_2' title="bbox 110 517 1171 1119">
     <span class='ocr_line' id='line_1_2' title="bbox 110 517 1169 606; baseline -0.005 -16"><span class='ocrx_word' id='word_1_4' title='bbox 110 524 316 591; x_wconf 86' lang='lat' dir='ltr'>&#39;admodum</span> <span class='ocrx_word' id='word_1_5' title='bbox 339 521 477 606; x_wconf 80' lang='lat' dir='ltr'>scribis)</span> <span class='ocrx_word' id='word_1_6' title='bbox 506 518 659 592; x_wconf 84' lang='lat' dir='ltr'>adiutor,</span> <span class='ocrx_word' id='word_1_7' title='bbox 696 522 733 583; x_wconf 90' lang='lat' dir='ltr'>iu</span> <span class='ocrx_word' id='word_1_8' title='bbox 755 517 865 583; x_wconf 83' lang='lat' dir='ltr'>oculis</span> <span class='ocrx_word' id='word_1_9' title='bbox 887 518 975 582; x_wconf 83' lang='lat' dir='ltr'>fero.</span> <span class='ocrx_word' id='word_1_10' title='bbox 1034 517 1169 586; x_wconf 87' lang='lat' dir='ltr'>Trebo-</span> 
     </span>
     <span class='ocr_line' id='line_1_3' title="bbox 130 619 1170 709; baseline -0.006 -18"><span class='ocrx_word' id='word_1_11' title='bbox 130 633 227 693; x_wconf 90' lang='lat' dir='ltr'>nium</span> <span class='ocrx_word' id='word_1_12' title='bbox 250 626 365 688; x_wconf 78' lang='lat' dir='ltr'><strong>meum</strong></span> <span class='ocrx_word' id='word_1_13' title='bbox 385 646 403 688; x_wconf 88' lang='lat' dir='ltr'><strong>a</strong></span> <span class='ocrx_word' id='word_1_14' title='bbox 425 637 463 689; x_wconf 89' lang='lat' dir='ltr'>te</span> <span class='ocrx_word' id='word_1_15' title='bbox 487 626 610 693; x_wconf 84' lang='lat' dir='ltr'><strong>amari,</strong></span> <span class='ocrx_word' id='word_1_16' title='bbox 646 632 749 702; x_wconf 89' lang='lat' dir='ltr'>teque</span> <span class='ocrx_word' id='word_1_17' title='bbox 774 619 918 694; x_wconf 87' lang='lat' dir='ltr'><strong>abillo,</strong></span> <span class='ocrx_word' id='word_1_18' title='bbox 958 621 1170 709; x_wconf 84' lang='lat' dir='ltr'><strong>pergaudeo.</strong></span> 
     </span>
     <span class='ocr_line' id='line_1_4' title="bbox 130 722 1169 811; baseline -0.007 -17"><span class='ocrx_word' id='word_1_19' title='bbox 130 728 187 794; x_wconf 90' lang='lat' dir='ltr'>De</span> <span class='ocrx_word' id='word_1_20' title='bbox 200 730 375 793; x_wconf 82' lang='lat' dir='ltr'><strong>tribunatu</strong></span> <span class='ocrx_word' id='word_1_21' title='bbox 391 724 484 807; x_wconf 90' lang='lat' dir='ltr'>quod</span> <span class='ocrx_word' id='word_1_22' title='bbox 505 722 641 794; x_wconf 77' lang='lat' dir='ltr'>scribis,</span> <span class='ocrx_word' id='word_1_23' title='bbox 661 741 726 808; x_wconf 80' lang='lat' dir='ltr'>ego</span> <span class='ocrx_word' id='word_1_24' title='bbox 742 742 825 786; x_wconf 79' lang='lat' dir='ltr'>vero</span> <span class='ocrx_word' id='word_1_25' title='bbox 838 728 1041 788; x_wconf 84' lang='lat' dir='ltr'>nominatim</span> <span class='ocrx_word' id='word_1_26' title='bbox 1063 729 1169 811; x_wconf 88' lang='lat' dir='ltr'>petivi</span> 
     </span>
     <span class='ocr_line' id='line_1_5' title="bbox 133 820 1170 913; baseline -0.005 -18"><span class='ocrx_word' id='word_1_27' title='bbox 133 829 273 902; x_wconf 85' lang='lat' dir='ltr'>Curtio,</span> <span class='ocrx_word' id='word_1_28' title='bbox 294 839 328 891; x_wconf 89' lang='lat' dir='ltr'>et</span> <span class='ocrx_word' id='word_1_29' title='bbox 344 824 426 890; x_wconf 72' lang='lat' dir='ltr'>milti</span> <span class='ocrx_word' id='word_1_30' title='bbox 439 824 507 912; x_wconf 86' lang='lat' dir='ltr'>ipse</span> <span class='ocrx_word' id='word_1_31' title='bbox 520 820 642 889; x_wconf 82' lang='lat' dir='ltr'><strong>Caesar</strong></span> <span class='ocrx_word' id='word_1_32' title='bbox 656 827 856 887; x_wconf 88' lang='lat' dir='ltr'>nominatim</span> <span class='ocrx_word' id='word_1_33' title='bbox 871 824 994 889; x_wconf 90' lang='lat' dir='ltr'>Curtio</span> <span class='ocrx_word' id='word_1_34' title='bbox 1011 840 1170 913; x_wconf 87' lang='lat' dir='ltr'><strong>paratum</strong></span> 
     </span>
     <span class='ocr_line' id='line_1_6' title="bbox 131 924 1171 1017; baseline -0.006 -21"><span class='ocrx_word' id='word_1_35' title='bbox 131 929 199 997; x_wconf 82' lang='lat' dir='ltr'><strong>elle</strong></span> <span class='ocrx_word' id='word_1_36' title='bbox 214 925 398 1017; x_wconf 81' lang='lat' dir='ltr'>rclcripllt‚</span> <span class='ocrx_word' id='word_1_37' title='bbox 419 947 596 1008; x_wconf 84' lang='lat' dir='ltr'>meamque</span> <span class='ocrx_word' id='word_1_38' title='bbox 617 931 654 988; x_wconf 93' lang='lat' dir='ltr'>in</span> <span class='ocrx_word' id='word_1_39' title='bbox 675 924 828 1012; x_wconf 81' lang='lat' dir='ltr'>rogando</span> <span class='ocrx_word' id='word_1_40' title='bbox 843 927 1088 992; x_wconf 80' lang='lat' dir='ltr'>verecundiam</span> <span class='ocrx_word' id='word_1_41' title='bbox 1112 928 1171 991; x_wconf 85' lang='lat' dir='ltr'>ob·</span> 
     </span>
     <span class='ocr_line' id='line_1_7' title="bbox 130 1027 1169 1119; baseline -0.006 -21"><span class='ocrx_word' id='word_1_42' title='bbox 130 1036 290 1119; x_wconf 82' lang='lat' dir='ltr'>iurgavit.</span> <span class='ocrx_word' id='word_1_43' title='bbox 349 1029 389 1095; x_wconf 86' lang='lat' dir='ltr'>Si</span> <span class='ocrx_word' id='word_1_44' title='bbox 414 1033 469 1092; x_wconf 89' lang='lat' dir='ltr'>cui</span> <span class='ocrx_word' id='word_1_45' title='bbox 495 1040 672 1116; x_wconf 84' lang='lat' dir='ltr'><strong>praeterea</strong></span> <span class='ocrx_word' id='word_1_46' title='bbox 698 1031 828 1111; x_wconf 89' lang='lat' dir='ltr'>petiero</span> <span class='ocrx_word' id='word_1_47' title='bbox 856 1027 916 1109; x_wconf 89' lang='lat' dir='ltr'>(id</span> <span class='ocrx_word' id='word_1_48' title='bbox 940 1028 1039 1109; x_wconf 92' lang='lat' dir='ltr'>quod</span> <span class='ocrx_word' id='word_1_49' title='bbox 1066 1032 1169 1092; x_wconf 89' lang='lat' dir='ltr'>etiam</span> 
     </span>
    </p>
   </div>
   <div class='ocr_carea' id='block_1_3' title="bbox 102 1125 1169 2635">
    <p class='ocr_par' dir='ltr' id='par_1_3' title="bbox 129 1125 1169 2212">
     <span class='ocr_line' id='line_1_8' title="bbox 131 1125 1169 1221; baseline -0.002 -25"><span class='ocrx_word' id='word_1_50' title='bbox 131 1132 246 1221; x_wconf 80' lang='lat' dir='ltr'>Oppio</span> <span class='ocrx_word' id='word_1_51' title='bbox 270 1132 361 1202; x_wconf 85' lang='lat' dir='ltr'>dixi,</span> <span class='ocrx_word' id='word_1_52' title='bbox 382 1142 421 1193; x_wconf 88' lang='lat' dir='ltr'>ut</span> <span class='ocrx_word' id='word_1_53' title='bbox 441 1129 482 1191; x_wconf 86' lang='lat' dir='ltr'>ad</span> <span class='ocrx_word' id='word_1_54' title='bbox 505 1128 600 1193; x_wconf 92' lang='lat' dir='ltr'><strong>illum</strong></span> <span class='ocrx_word' id='word_1_55' title='bbox 623 1127 805 1208; x_wconf 75' lang='lat' dir='ltr'>scriberet)</span> <span class='ocrx_word' id='word_1_56' title='bbox 828 1125 928 1191; x_wconf 83' lang='lat' dir='ltr'><strong>facile</strong></span> <span class='ocrx_word' id='word_1_57' title='bbox 947 1133 1062 1215; x_wconf 87' lang='lat' dir='ltr'><strong>patiar</strong></span> <span class='ocrx_word' id='word_1_58' title='bbox 1085 1127 1169 1194; x_wconf 89' lang='lat' dir='ltr'>mihi</span> 
     </span>
     <span class='ocr_line' id='line_1_9' title="bbox 131 1226 1165 1322; baseline -0.008 -22"><span class='ocrx_word' id='word_1_59' title='bbox 131 1238 261 1322; x_wconf 82' lang='lat' dir='ltr'>negari,</span> <span class='ocrx_word' id='word_1_60' title='bbox 284 1235 441 1315; x_wconf 88' lang='lat' dir='ltr'>quoniam</span> <span class='ocrx_word' id='word_1_61' title='bbox 459 1229 526 1303; x_wconf 90' lang='lat' dir='ltr'>illi,</span> <span class='ocrx_word' id='word_1_62' title='bbox 547 1234 604 1314; x_wconf 88' lang='lat' dir='ltr'>qui</span> <span class='ocrx_word' id='word_1_63' title='bbox 619 1226 702 1293; x_wconf 90' lang='lat' dir='ltr'>mihi</span> <span class='ocrx_word' id='word_1_64' title='bbox 715 1227 950 1303; x_wconf 78' lang='lat' dir='ltr'>molentium,</span> <span class='ocrx_word' id='word_1_65' title='bbox 973 1227 1034 1292; x_wconf 87' lang='lat' dir='ltr'>fibi</span> <span class='ocrx_word' id='word_1_66' title='bbox 1050 1235 1165 1317; x_wconf 85' lang='lat' dir='ltr'>negari</span> 
     </span>
     <span class='ocr_line' id='line_1_10' title="bbox 130 1329 1165 1420; baseline -0.01 -16"><span class='ocrx_word' id='word_1_67' title='bbox 130 1361 151 1404; x_wconf 83' lang='lat' dir='ltr'><strong>a</strong></span> <span class='ocrx_word' id='word_1_68' title='bbox 165 1356 303 1402; x_wconf 90' lang='lat' dir='ltr'>menon</span> <span class='ocrx_word' id='word_1_69' title='bbox 320 1332 418 1396; x_wconf 79' lang='lat' dir='ltr'><strong>facile</strong></span> <span class='ocrx_word' id='word_1_70' title='bbox 431 1336 618 1418; x_wconf 82' lang='lat' dir='ltr'>patiuntur.</span> <span class='ocrx_word' id='word_1_71' title='bbox 661 1332 734 1418; x_wconf 79' lang='lat' dir='ltr'>Ego</span> <span class='ocrx_word' id='word_1_72' title='bbox 748 1331 906 1397; x_wconf 75' lang='lat' dir='ltr'><strong>Curtium</strong></span> <span class='ocrx_word' id='word_1_73' title='bbox 925 1331 983 1412; x_wconf 89' lang='lat' dir='ltr'>(id</span> <span class='ocrx_word' id='word_1_74' title='bbox 997 1331 1095 1414; x_wconf 90' lang='lat' dir='ltr'>quod</span> <span class='ocrx_word' id='word_1_75' title='bbox 1110 1329 1165 1420; x_wconf 77' lang='lat' dir='ltr'>ipsi</span> 
     </span>
     <span class='ocr_line' id='line_1_11' title="bbox 131 1431 1168 1521; baseline -0.008 -17"><span class='ocrx_word' id='word_1_76' title='bbox 131 1439 228 1521; x_wconf 87' lang='lat' dir='ltr'>dixi)</span> <span class='ocrx_word' id='word_1_77' title='bbox 248 1456 319 1500; x_wconf 89' lang='lat' dir='ltr'>non</span> <span class='ocrx_word' id='word_1_78' title='bbox 339 1431 443 1496; x_wconf 91' lang='lat' dir='ltr'>modo</span> <span class='ocrx_word' id='word_1_79' title='bbox 465 1437 661 1518; x_wconf 81' lang='lat' dir='ltr'>rogatione,</span> <span class='ocrx_word' id='word_1_80' title='bbox 689 1433 746 1498; x_wconf 85' lang='lat' dir='ltr'>led</span> <span class='ocrx_word' id='word_1_81' title='bbox 768 1440 869 1499; x_wconf 85' lang='lat' dir='ltr'>etiam</span> <span class='ocrx_word' id='word_1_82' title='bbox 888 1431 1087 1497; x_wconf 86' lang='lat' dir='ltr'>testimonio</span> <span class='ocrx_word' id='word_1_83' title='bbox 1108 1445 1168 1497; x_wconf 93' lang='lat' dir='ltr'>tuo</span> 
     </span>
     <span class='ocr_line' id='line_1_12' title="bbox 131 1531 1165 1627; baseline -0.006 -22"><span class='ocrx_word' id='word_1_84' title='bbox 131 1542 255 1627; x_wconf 84' lang='lat' dir='ltr'><strong>diligo,</strong></span> <span class='ocrx_word' id='word_1_85' title='bbox 277 1535 367 1619; x_wconf 88' lang='lat' dir='ltr'>quod</span> <span class='ocrx_word' id='word_1_86' title='bbox 391 1531 497 1596; x_wconf 85' lang='lat' dir='ltr'>literis</span> <span class='ocrx_word' id='word_1_87' title='bbox 518 1538 587 1597; x_wconf 88' lang='lat' dir='ltr'>tuis</span> <span class='ocrx_word' id='word_1_88' title='bbox 612 1531 758 1598; x_wconf 82' lang='lat' dir='ltr'>studium</span> <span class='ocrx_word' id='word_1_89' title='bbox 777 1535 868 1602; x_wconf 84' lang='lat' dir='ltr'>illius</span> <span class='ocrx_word' id='word_1_90' title='bbox 887 1540 924 1600; x_wconf 90' lang='lat' dir='ltr'>iu</span> <span class='ocrx_word' id='word_1_91' title='bbox 944 1531 1092 1600; x_wconf 82' lang='lat' dir='ltr'><strong>salutem</strong></span> <span class='ocrx_word' id='word_1_92' title='bbox 1111 1558 1165 1600; x_wconf 88' lang='lat' dir='ltr'>no</span> 
     </span>
     <span class='ocr_line' id='line_1_13' title="bbox 129 1632 1166 1725; baseline -0.006 -19"><span class='ocrx_word' id='word_1_93' title='bbox 129 1641 233 1711; x_wconf 81' lang='lat' dir='ltr'><strong>stram</strong></span> <span class='ocrx_word' id='word_1_94' title='bbox 257 1636 355 1704; x_wconf 85' lang='lat' dir='ltr'><strong>facile</strong></span> <span class='ocrx_word' id='word_1_95' title='bbox 377 1632 544 1722; x_wconf 86' lang='lat' dir='ltr'>perspexi.</span> <span class='ocrx_word' id='word_1_96' title='bbox 587 1633 643 1697; x_wconf 86' lang='lat' dir='ltr'>De</span> <span class='ocrx_word' id='word_1_97' title='bbox 659 1633 862 1702; x_wconf 87' lang='lat' dir='ltr'>Britannicis</span> <span class='ocrx_word' id='word_1_98' title='bbox 886 1637 991 1701; x_wconf 87' lang='lat' dir='ltr'><strong>rebus</strong></span> <span class='ocrx_word' id='word_1_99' title='bbox 1017 1641 1166 1725; x_wconf 79' lang='lat' dir='ltr'>cognovi</span> 
     </span>
     <span class='ocr_line' id='line_1_14' title="bbox 132 1732 1168 1822; baseline -0.006 -14"><span class='ocrx_word' id='word_1_100' title='bbox 132 1765 177 1809; x_wconf 83' lang='lat' dir='ltr'>cx</span> <span class='ocrx_word' id='word_1_101' title='bbox 198 1745 269 1806; x_wconf 92' lang='lat' dir='ltr'>tuis</span> <span class='ocrx_word' id='word_1_102' title='bbox 291 1737 400 1802; x_wconf 84' lang='lat' dir='ltr'>literis</span> <span class='ocrx_word' id='word_1_103' title='bbox 422 1732 508 1798; x_wconf 88' lang='lat' dir='ltr'>nihil</span> <span class='ocrx_word' id='word_1_104' title='bbox 531 1734 613 1808; x_wconf 69' lang='lat' dir='ltr'><strong>clla,</strong></span> <span class='ocrx_word' id='word_1_105' title='bbox 651 1759 715 1801; x_wconf 89' lang='lat' dir='ltr'>nec</span> <span class='ocrx_word' id='word_1_106' title='bbox 739 1739 832 1822; x_wconf 90' lang='lat' dir='ltr'>quod</span> <span class='ocrx_word' id='word_1_107' title='bbox 855 1750 1072 1812; x_wconf 83' lang='lat' dir='ltr'><strong>metuamus,</strong></span> <span class='ocrx_word' id='word_1_108' title='bbox 1103 1760 1168 1803; x_wconf 91' lang='lat' dir='ltr'>nec</span> 
     </span>
     <span class='ocr_line' id='line_1_15' title="bbox 132 1836 1168 1931; baseline -0.006 -23"><span class='ocrx_word' id='word_1_109' title='bbox 132 1843 223 1931; x_wconf 88' lang='lat' dir='ltr'>quod</span> <span class='ocrx_word' id='word_1_110' title='bbox 247 1839 465 1930; x_wconf 82' lang='lat' dir='ltr'><strong>gaudeamus.</strong></span> <span class='ocrx_word' id='word_1_111' title='bbox 510 1836 564 1900; x_wconf 90' lang='lat' dir='ltr'>De</span> <span class='ocrx_word' id='word_1_112' title='bbox 587 1838 731 1923; x_wconf 90' lang='lat' dir='ltr'>publicis</span> <span class='ocrx_word' id='word_1_113' title='bbox 755 1845 917 1927; x_wconf 84' lang='lat' dir='ltr'>negotiis,</span> <span class='ocrx_word' id='word_1_114' title='bbox 938 1859 1027 1922; x_wconf 87' lang='lat' dir='ltr'><strong>quae</strong></span> <span class='ocrx_word' id='word_1_115' title='bbox 1050 1844 1104 1904; x_wconf 86' lang='lat' dir='ltr'>vis</span> <span class='ocrx_word' id='word_1_116' title='bbox 1128 1839 1168 1903; x_wconf 88' lang='lat' dir='ltr'>ad</span> 
     </span>
     <span class='ocr_line' id='line_1_16' title="bbox 130 1937 1168 2025; baseline -0.006 -13"><span class='ocrx_word' id='word_1_117' title='bbox 130 1958 168 2011; x_wconf 81' lang='lat' dir='ltr'>tc</span> <span class='ocrx_word' id='word_1_118' title='bbox 190 1944 358 2011; x_wconf 84' lang='lat' dir='ltr'>Tironem</span> <span class='ocrx_word' id='word_1_119' title='bbox 381 1937 546 2009; x_wconf 83' lang='lat' dir='ltr'>scribere,</span> <span class='ocrx_word' id='word_1_120' title='bbox 572 1939 798 2025; x_wconf 83' lang='lat' dir='ltr'>negligentius</span> <span class='ocrx_word' id='word_1_121' title='bbox 821 1939 862 2002; x_wconf 88' lang='lat' dir='ltr'>ad</span> <span class='ocrx_word' id='word_1_122' title='bbox 884 1951 919 2003; x_wconf 95' lang='lat' dir='ltr'>te</span> <span class='ocrx_word' id='word_1_123' title='bbox 941 1952 1024 2004; x_wconf 87' lang='lat' dir='ltr'>ante</span> <span class='ocrx_word' id='word_1_124' title='bbox 1047 1940 1168 2011; x_wconf 82' lang='lat' dir='ltr'>scribe·</span> 
     </span>
     <span class='ocr_line' id='line_1_17' title="bbox 131 2039 1167 2126; baseline 0.001 -20"><span class='ocrx_word' id='word_1_125' title='bbox 131 2050 232 2119; x_wconf 83' lang='lat' dir='ltr'><strong>bam,</strong></span> <span class='ocrx_word' id='word_1_126' title='bbox 262 2041 353 2126; x_wconf 89' lang='lat' dir='ltr'>quod</span> <span class='ocrx_word' id='word_1_127' title='bbox 378 2044 510 2113; x_wconf 84' lang='lat' dir='ltr'>omniu,</span> <span class='ocrx_word' id='word_1_128' title='bbox 542 2044 697 2114; x_wconf 84' lang='lat' dir='ltr'>minima,</span> <span class='ocrx_word' id='word_1_129' title='bbox 725 2048 889 2114; x_wconf 75' lang='lat' dir='ltr'>niaxima,</span> <span class='ocrx_word' id='word_1_130' title='bbox 919 2039 962 2103; x_wconf 85' lang='lat' dir='ltr'>ad</span> <span class='ocrx_word' id='word_1_131' title='bbox 987 2040 1167 2110; x_wconf 78' lang='lat' dir='ltr'><strong>Caesarem</strong></span> 
     </span>
     <span class='ocr_line' id='line_1_18' title="bbox 132 2143 403 2212; baseline -0.044 1"><span class='ocrx_word' id='word_1_132' title='bbox 132 2150 225 2212; x_wconf 83' lang='lat' dir='ltr'>mitti</span> <span class='ocrx_word' id='word_1_133' title='bbox 248 2143 403 2208; x_wconf 85' lang='lat' dir='ltr'>sciebam.</span> 
     </span>
    </p>

    <p class='ocr_par' dir='ltr' id='par_1_4' title="bbox 102 2237 1169 2635">
     <span class='ocr_line' id='line_1_19' title="bbox 102 2237 1168 2330; baseline 0.003 -21"><span class='ocrx_word' id='word_1_134' title='bbox 102 2251 126 2324; x_wconf 71' lang='grc'><strong><em>4</em></strong></span> <span class='ocrx_word' id='word_1_135' title='bbox 236 2240 398 2330; x_wconf 82' lang='lat' dir='ltr'>Rescripfi</span> <span class='ocrx_word' id='word_1_136' title='bbox 422 2239 577 2327; x_wconf 75' lang='lat' dir='ltr'>epistolae</span> <span class='ocrx_word' id='word_1_137' title='bbox 600 2247 776 2305; x_wconf 82' lang='lat' dir='ltr'><strong>maximae.</strong></span> <span class='ocrx_word' id='word_1_138' title='bbox 818 2237 912 2307; x_wconf 86' lang='lat' dir='ltr'>Audi</span> <span class='ocrx_word' id='word_1_139' title='bbox 931 2266 1025 2308; x_wconf 90' lang='lat' dir='ltr'>nunc</span> <span class='ocrx_word' id='word_1_140' title='bbox 1048 2246 1095 2310; x_wconf 90' lang='lat' dir='ltr'>de</span> <span class='ocrx_word' id='word_1_141' title='bbox 1113 2253 1168 2312; x_wconf 76' lang='lat' dir='ltr'>mi-</span> 
     </span>
     <span class='ocr_line' id='line_1_20' title="bbox 131 2341 1168 2430; baseline -0.001 -16"><span class='ocrx_word' id='word_1_142' title='bbox 131 2343 284 2414; x_wconf 77' lang='lat' dir='ltr'>nuscula:</span> <span class='ocrx_word' id='word_1_143' title='bbox 305 2351 340 2410; x_wconf 90' lang='lat' dir='ltr'>in</span> <span class='ocrx_word' id='word_1_144' title='bbox 361 2365 425 2428; x_wconf 90' lang='lat' dir='ltr'><strong>qua</strong></span> <span class='ocrx_word' id='word_1_145' title='bbox 439 2349 583 2430; x_wconf 83' lang='lat' dir='ltr'>prinmm</span> <span class='ocrx_word' id='word_1_146' title='bbox 601 2341 648 2406; x_wconf 86' lang='lat' dir='ltr'>ost</span> <span class='ocrx_word' id='word_1_147' title='bbox 664 2342 707 2407; x_wconf 86' lang='lat' dir='ltr'>dc</span> <span class='ocrx_word' id='word_1_148' title='bbox 720 2343 833 2410; x_wconf 87' lang='lat' dir='ltr'>Clodii</span> <span class='ocrx_word' id='word_1_149' title='bbox 848 2346 889 2408; x_wconf 87' lang='lat' dir='ltr'>ad</span> <span class='ocrx_word' id='word_1_150' title='bbox 901 2343 1081 2412; x_wconf 87' lang='lat' dir='ltr'><strong>Caesarem</strong></span> <span class='ocrx_word' id='word_1_151' title='bbox 1097 2347 1168 2413; x_wconf 90' lang='lat' dir='ltr'>lite·</span> 
     </span>
     <span class='ocr_line' id='line_1_21' title="bbox 132 2440 1169 2530; baseline 0 -16"><span class='ocrx_word' id='word_1_152' title='bbox 132 2455 201 2522; x_wconf 88' lang='lat' dir='ltr'>ris,</span> <span class='ocrx_word' id='word_1_153' title='bbox 219 2453 255 2512; x_wconf 93' lang='lat' dir='ltr'>in</span> <span class='ocrx_word' id='word_1_154' title='bbox 269 2468 336 2527; x_wconf 93' lang='lat' dir='ltr'>quo</span> <span class='ocrx_word' id='word_1_155' title='bbox 354 2443 504 2512; x_wconf 81' lang='lat' dir='ltr'>Caesaris</span> <span class='ocrx_word' id='word_1_156' title='bbox 522 2440 690 2507; x_wconf 83' lang='lat' dir='ltr'>confilium</span> <span class='ocrx_word' id='word_1_157' title='bbox 715 2448 843 2530; x_wconf 87' lang='lat' dir='ltr'>probo,</span> <span class='ocrx_word' id='word_1_158' title='bbox 866 2447 958 2529; x_wconf 91' lang='lat' dir='ltr'>quod</span> <span class='ocrx_word' id='word_1_159' title='bbox 979 2451 1045 2513; x_wconf 90' lang='lat' dir='ltr'>tibi</span> <span class='ocrx_word' id='word_1_160' title='bbox 1059 2471 1169 2515; x_wconf 88' lang='lat' dir='ltr'><strong>aman·</strong></span> 
     </span>
     <span class='ocr_line' id='line_1_22' title="bbox 130 2545 1166 2635; baseline -0.001 -20"><span class='ocrx_word' id='word_1_161' title='bbox 130 2547 250 2618; x_wconf 86' lang='lat' dir='ltr'>tiffime</span> <span class='ocrx_word' id='word_1_162' title='bbox 272 2553 404 2635; x_wconf 84' lang='lat' dir='ltr'>petenti</span> <span class='ocrx_word' id='word_1_163' title='bbox 427 2551 558 2611; x_wconf 85' lang='lat' dir='ltr'>veniam</span> <span class='ocrx_word' id='word_1_164' title='bbox 579 2551 651 2608; x_wconf 77' lang='lat' dir='ltr'>non</span> <span class='ocrx_word' id='word_1_165' title='bbox 671 2545 783 2619; x_wconf 87' lang='lat' dir='ltr'>dedit,</span> <span class='ocrx_word' id='word_1_166' title='bbox 808 2554 859 2614; x_wconf 93' lang='lat' dir='ltr'>uti</span> <span class='ocrx_word' id='word_1_167' title='bbox 879 2546 987 2614; x_wconf 89' lang='lat' dir='ltr'><strong>ullum</strong></span> <span class='ocrx_word' id='word_1_168' title='bbox 1012 2550 1057 2615; x_wconf 82' lang='lat' dir='ltr'>ad</span> <span class='ocrx_word' id='word_1_169' title='bbox 1075 2549 1166 2616; x_wconf 86' lang='lat' dir='ltr'><strong>illam</strong></span> 
     </span>
    </p>
   </div>
   <div class='ocr_carea' id='block_1_4' title="bbox 512 2711 782 2730">
    <p class='ocr_par' dir='ltr' id='par_1_5' title="bbox 512 2711 782 2730">
     <span class='ocr_line' id='line_1_23' title="bbox 512 2711 782 2730; baseline 0.004 -3"><span class='ocrx_word' id='word_1_170' title='bbox 512 2711 782 2730; x_wconf 52' lang='grc' dir='ltr'><strong>Μ</strong></span> 
     </span>
    </p>
   </div>
   <div class='ocr_carea' id='block_1_5' title="bbox 130 2817 1180 4185">
    <p class='ocr_par' dir='ltr' id='par_1_6' title="bbox 130 2817 1180 4185">
     <span class='ocr_line' id='line_1_24' title="bbox 174 2817 1170 2904; baseline 0.008 -22"><span class='ocrx_word' id='word_1_171' title='bbox 174 2819 373 2904; x_wconf 78' lang='lat' dir='ltr'>Trebonium]</span> <span class='ocrx_word' id='word_1_172' title='bbox 404 2820 524 2878; x_wconf 81' lang='lat' dir='ltr'><strong>Caium.</strong></span> <span class='ocrx_word' id='word_1_173' title='bbox 560 2817 620 2876; x_wconf 90' lang='lat' dir='ltr'>Le·</span> <span class='ocrx_word' id='word_1_174' title='bbox 676 2834 811 2880; x_wconf 80' lang='lat' dir='ltr'>mortem</span> <span class='ocrx_word' id='word_1_175' title='bbox 833 2817 1018 2898; x_wconf 81' lang='lat' dir='ltr'>attulerunt,</span> <span class='ocrx_word' id='word_1_176' title='bbox 1056 2822 1105 2889; x_wconf 81' lang='lat' dir='ltr'>est</span> <span class='ocrx_word' id='word_1_177' title='bbox 1126 2830 1170 2890; x_wconf 85' lang='lat' dir='ltr'>ia·</span> 
     </span>
     <span class='ocr_line' id='line_1_25' title="bbox 133 2900 993 2996; baseline -0.007 -24"><span class='ocrx_word' id='word_1_178' title='bbox 133 2926 223 2996; x_wconf 76' lang='lat' dir='ltr'><strong>gatus</strong></span> <span class='ocrx_word' id='word_1_179' title='bbox 245 2923 311 2968; x_wconf 84' lang='lat' dir='ltr'><strong>erat</strong></span> <span class='ocrx_word' id='word_1_180' title='bbox 332 2905 393 2964; x_wconf 88' lang='lat' dir='ltr'>hoc</span> <span class='ocrx_word' id='word_1_181' title='bbox 420 2919 565 2980; x_wconf 77' lang='lat' dir='ltr'>tempore</span> <span class='ocrx_word' id='word_1_182' title='bbox 586 2905 620 2962; x_wconf 88' lang='lat' dir='ltr'>ia</span> <span class='ocrx_word' id='word_1_183' title='bbox 676 2904 833 2965; x_wconf 78' lang='lat' dir='ltr'>terfectue.</span> <span class='ocrx_word' id='word_1_184' title='bbox 870 2900 993 2966; x_wconf 77' lang='lat' dir='ltr'><strong>Manat.</strong></span> 
     </span>
     <span class='ocr_line' id='line_1_26' title="bbox 131 2989 1168 3080; baseline -0.006 -23"><span class='ocrx_word' id='word_1_185' title='bbox 131 3000 266 3057; x_wconf 76' lang='lat' dir='ltr'>exercitu</span> <span class='ocrx_word' id='word_1_186' title='bbox 277 2989 423 3051; x_wconf 82' lang='lat' dir='ltr'><strong>Caesaris.</strong></span> <span class='ocrx_word' id='word_1_187' title='bbox 439 2993 529 3046; x_wconf 78' lang='lat' dir='ltr'>Anno</span> <span class='ocrx_word' id='word_1_188' title='bbox 544 3007 619 3065; x_wconf 86' lang='lat' dir='ltr'>pro·</span> <span class='ocrx_word' id='word_1_189' title='bbox 718 2991 767 3066; x_wconf 82' lang='lat' dir='ltr'>qni</span> <span class='ocrx_word' id='word_1_190' title='bbox 804 2990 878 3047; x_wconf 74' lang='lat' dir='ltr'>anili</span> <span class='ocrx_word' id='word_1_191' title='bbox 918 2993 1037 3068; x_wconf 78' lang='lat' dir='ltr'>molesti</span> <span class='ocrx_word' id='word_1_192' title='bbox 1076 2995 1168 3080; x_wconf 73' lang='lat' dir='ltr'>fiant]</span> 
     </span>
     <span class='ocr_line' id='line_1_27' title="bbox 130 3071 1170 3154; baseline -0.003 -12"><span class='ocrx_word' id='word_1_193' title='bbox 130 3088 216 3142; x_wconf 73' lang='lat' dir='ltr'>ximo</span> <span class='ocrx_word' id='word_1_194' title='bbox 240 3078 380 3141; x_wconf 82' lang='lat' dir='ltr'>tribunus</span> <span class='ocrx_word' id='word_1_195' title='bbox 404 3071 503 3153; x_wconf 77' lang='lat' dir='ltr'><strong>plebis</strong></span> <span class='ocrx_word' id='word_1_196' title='bbox 527 3092 620 3153; x_wconf 80' lang='lat' dir='ltr'><strong>roga·</strong></span> <span class='ocrx_word' id='word_1_197' title='bbox 678 3074 807 3154; x_wconf 83' lang='lat' dir='ltr'>Optime</span> <span class='ocrx_word' id='word_1_198' title='bbox 823 3072 863 3136; x_wconf 85' lang='lat' dir='ltr'>fic</span> <span class='ocrx_word' id='word_1_199' title='bbox 879 3077 1058 3138; x_wconf 83' lang='lat' dir='ltr'>emendavit</span> <span class='ocrx_word' id='word_1_200' title='bbox 1073 3081 1170 3142; x_wconf 86' lang='lat' dir='ltr'><strong>Eme·</strong></span> 
     </span>
     <span class='ocr_line' id='line_1_28' title="bbox 132 3155 1169 3243; baseline -0.001 -17"><span class='ocrx_word' id='word_1_201' title='bbox 132 3174 251 3228; x_wconf 90' lang='lat' dir='ltr'>tionem</span> <span class='ocrx_word' id='word_1_202' title='bbox 274 3161 403 3229; x_wconf 78' lang='lat' dir='ltr'>tulerat,</span> <span class='ocrx_word' id='word_1_203' title='bbox 442 3172 476 3216; x_wconf 85' lang='lat' dir='ltr'>ut</span> <span class='ocrx_word' id='word_1_204' title='bbox 497 3155 620 3216; x_wconf 79' lang='lat' dir='ltr'><strong>Caelari</strong></span> <span class='ocrx_word' id='word_1_205' title='bbox 675 3156 747 3219; x_wconf 79' lang='lat' dir='ltr'><strong>[lius</strong></span> <span class='ocrx_word' id='word_1_206' title='bbox 770 3157 850 3243; x_wconf 83' lang='lat' dir='ltr'><strong>vulg.</strong></span> <span class='ocrx_word' id='word_1_207' title='bbox 886 3163 940 3242; x_wconf 79' lang='lat' dir='ltr'>qui</span> <span class='ocrx_word' id='word_1_208' title='bbox 965 3163 1028 3237; x_wconf 75' lang='lat' dir='ltr'>sibi</span> <span class='ocrx_word' id='word_1_209' title='bbox 1051 3167 1169 3242; x_wconf 80' lang='lat' dir='ltr'>molesti</span> 
     </span>
     <span class='ocr_line' id='line_1_29' title="bbox 133 3239 749 3320; baseline -0.01 -9"><span class='ocrx_word' id='word_1_210' title='bbox 133 3251 306 3311; x_wconf 75' lang='lat' dir='ltr'><strong>Galliarum</strong></span> <span class='ocrx_word' id='word_1_211' title='bbox 339 3239 559 3302; x_wconf 76' lang='lat' dir='ltr'>administratio</span> <span class='ocrx_word' id='word_1_212' title='bbox 586 3244 620 3300; x_wconf 87' lang='lat' dir='ltr'>in</span> <span class='ocrx_word' id='word_1_213' title='bbox 669 3246 749 3320; x_wconf 83' lang='lat' dir='ltr'>suut.</span> 
     </span>
     <span class='ocr_line' id='line_1_30' title="bbox 133 3331 1170 3417; baseline -0.006 -20"><span class='ocrx_word' id='word_1_214' title='bbox 133 3338 264 3397; x_wconf 72' lang='lat' dir='ltr'><strong>altarum</strong></span> <span class='ocrx_word' id='word_1_215' title='bbox 280 3332 525 3417; x_wconf 83' lang='lat' dir='ltr'>quinquennium</span> <span class='ocrx_word' id='word_1_216' title='bbox 545 3345 620 3404; x_wconf 86' lang='lat' dir='ltr'>pto·</span> <span class='ocrx_word' id='word_1_217' title='bbox 716 3338 746 3406; x_wconf 69' lang='lat'>4.</span> <span class='ocrx_word' id='word_1_218' title='bbox 758 3331 874 3385; x_wconf 84' lang='lat' dir='ltr'>veniam</span> <span class='ocrx_word' id='word_1_219' title='bbox 888 3350 946 3387; x_wconf 84' lang='lat' dir='ltr'>non</span> <span class='ocrx_word' id='word_1_220' title='bbox 960 3331 1063 3416; x_wconf 79' lang='lat' dir='ltr'>dedit]</span> <span class='ocrx_word' id='word_1_221' title='bbox 1073 3357 1170 3416; x_wconf 82' lang='lat' dir='ltr'><strong>quum</strong></span> 
     </span>
     <span class='ocr_line' id='line_1_31' title="bbox 130 3407 1170 3504; baseline 0.005 -26"><span class='ocrx_word' id='word_1_222' title='bbox 130 3434 306 3504; x_wconf 69' lang='lat' dir='ltr'>rogaretur,</span> <span class='ocrx_word' id='word_1_223' title='bbox 335 3415 531 3473; x_wconf 61' lang='lat' dir='ltr'><strong>Praeturam</strong></span> <span class='ocrx_word' id='word_1_224' title='bbox 554 3407 620 3493; x_wconf 84' lang='lat' dir='ltr'><strong>gel·</strong></span> <span class='ocrx_word' id='word_1_225' title='bbox 675 3425 710 3471; x_wconf 88' lang='lat' dir='ltr'>tu</span> <span class='ocrx_word' id='word_1_226' title='bbox 737 3428 859 3492; x_wconf 78' lang='lat' dir='ltr'>peteres</span> <span class='ocrx_word' id='word_1_227' title='bbox 890 3435 948 3495; x_wconf 87' lang='lat' dir='ltr'>per</span> <span class='ocrx_word' id='word_1_228' title='bbox 979 3423 1170 3494; x_wconf 79' lang='lat' dir='ltr'>amicitiam,</span> 
     </span>
     <span class='ocr_line' id='line_1_32' title="bbox 131 3495 1171 3568; baseline 0.002 -2"><span class='ocrx_word' id='word_1_229' title='bbox 131 3502 167 3565; x_wconf 81' lang='lat' dir='ltr'>fit</span> <span class='ocrx_word' id='word_1_230' title='bbox 182 3506 217 3564; x_wconf 84' lang='lat' dir='ltr'>C.</span> <span class='ocrx_word' id='word_1_231' title='bbox 234 3498 364 3562; x_wconf 73' lang='lat' dir='ltr'><strong>Caesare</strong></span> <span class='ocrx_word' id='word_1_232' title='bbox 379 3497 417 3557; x_wconf 83' lang='lat' dir='ltr'>IL</span> <span class='ocrx_word' id='word_1_233' title='bbox 439 3497 472 3556; x_wconf 86' lang='lat' dir='ltr'>P.</span> <span class='ocrx_word' id='word_1_234' title='bbox 488 3495 618 3555; x_wconf 78' lang='lat' dir='ltr'>Servilio</span> <span class='ocrx_word' id='word_1_235' title='bbox 676 3511 711 3556; x_wconf 90' lang='lat' dir='ltr'>ut</span> <span class='ocrx_word' id='word_1_236' title='bbox 735 3498 776 3557; x_wconf 79' lang='lat' dir='ltr'>ad</span> <span class='ocrx_word' id='word_1_237' title='bbox 797 3499 831 3556; x_wconf 85' lang='lat' dir='ltr'>P.</span> <span class='ocrx_word' id='word_1_238' title='bbox 851 3497 998 3561; x_wconf 83' lang='lat' dir='ltr'>Clodium</span> <span class='ocrx_word' id='word_1_239' title='bbox 1022 3503 1171 3568; x_wconf 84' lang='lat' dir='ltr'>rescribe-</span> 
     </span>
     <span class='ocr_line' id='line_1_33' title="bbox 130 3580 1171 3663; baseline 0.006 -16"><span class='ocrx_word' id='word_1_240' title='bbox 130 3590 224 3651; x_wconf 80' lang='lat' dir='ltr'><strong>Vatia</strong></span> <span class='ocrx_word' id='word_1_241' title='bbox 241 3582 321 3649; x_wconf 80' lang='lat' dir='ltr'>coli.</span> <span class='ocrx_word' id='word_1_242' title='bbox 331 3580 532 3645; x_wconf 82' lang='lat' dir='ltr'>Consulatum</span> <span class='ocrx_word' id='word_1_243' title='bbox 548 3601 618 3640; x_wconf 88' lang='lat' dir='ltr'>eum</span> <span class='ocrx_word' id='word_1_244' title='bbox 676 3595 741 3655; x_wconf 83' lang='lat' dir='ltr'>ret;</span> <span class='ocrx_word' id='word_1_245' title='bbox 764 3582 857 3663; x_wconf 77' lang='lat' dir='ltr'>(quie</span> <span class='ocrx_word' id='word_1_246' title='bbox 877 3583 977 3646; x_wconf 78' lang='lat' dir='ltr'>nollet</span> <span class='ocrx_word' id='word_1_247' title='bbox 1001 3588 1171 3652; x_wconf 71' lang='lat' dir='ltr'><strong>Caesarem</strong></span> 
     </span>
     <span class='ocr_line' id='line_1_34' title="bbox 132 3662 1172 3756; baseline -0.004 -22"><span class='ocrx_word' id='word_1_248' title='bbox 132 3676 173 3756; x_wconf 82' lang='lat' dir='ltr'>Q.</span> <span class='ocrx_word' id='word_1_249' title='bbox 193 3670 291 3734; x_wconf 80' lang='lat' dir='ltr'>Fabio</span> <span class='ocrx_word' id='word_1_250' title='bbox 308 3670 458 3728; x_wconf 78' lang='lat' dir='ltr'>Maximo.</span> <span class='ocrx_word' id='word_1_251' title='bbox 501 3662 623 3725; x_wconf 77' lang='lat' dir='ltr'>Postre-</span> <span class='ocrx_word' id='word_1_252' title='bbox 676 3664 1172 3746; x_wconf 68' lang='lat' dir='ltr'>nostracaulalacere,ut10-</span> 
     </span>
     <span class='ocr_line' id='line_1_35' title="bbox 130 3748 1174 3836; baseline -0.002 -23"><span class='ocrx_word' id='word_1_253' title='bbox 130 3781 185 3821; x_wconf 81' lang='lat' dir='ltr'>mo</span> <span class='ocrx_word' id='word_1_254' title='bbox 210 3778 305 3836; x_wconf 90' lang='lat' dir='ltr'><strong>quum</strong></span> <span class='ocrx_word' id='word_1_255' title='bbox 327 3750 507 3820; x_wconf 80' lang='lat' dir='ltr'><strong>Caesarem,</strong></span> <span class='ocrx_word' id='word_1_256' title='bbox 528 3769 623 3829; x_wconf 81' lang='lat' dir='ltr'>quom</span> <span class='ocrx_word' id='word_1_257' title='bbox 677 3748 851 3831; x_wconf 80' lang='lat' dir='ltr'>spondeadi</span> <span class='ocrx_word' id='word_1_258' title='bbox 877 3750 1017 3815; x_wconf 89' lang='lat' dir='ltr'>officium</span> <span class='ocrx_word' id='word_1_259' title='bbox 1044 3767 1174 3823; x_wconf 76' lang='lat' dir='ltr'>omitto.</span> 
     </span>
     <span class='ocr_line' id='line_1_36' title="bbox 132 3834 1174 3911; baseline -0.002 -7"><span class='ocrx_word' id='word_1_260' title='bbox 132 3843 211 3909; x_wconf 86' lang='lat' dir='ltr'>civili</span> <span class='ocrx_word' id='word_1_261' title='bbox 226 3840 310 3901; x_wconf 86' lang='lat' dir='ltr'><strong>bello</strong></span> <span class='ocrx_word' id='word_1_262' title='bbox 326 3837 534 3905; x_wconf 65' lang='lat' dir='ltr'>immutetur,</span> <span class='ocrx_word' id='word_1_263' title='bbox 553 3854 622 3892; x_wconf 82' lang='lat' dir='ltr'>cum</span> <span class='ocrx_word' id='word_1_264' title='bbox 677 3834 1174 3911; x_wconf 77' lang='lat' dir='ltr'>ret)satisfaceretibluoluit.1d</span> 
     </span>
     <span class='ocr_line' id='line_1_37' title="bbox 134 3914 1177 4003; baseline 0.005 -16"><span class='ocrx_word' id='word_1_265' title='bbox 134 3929 199 3990; x_wconf 73' lang='lat' dir='ltr'><strong>aliu</strong></span> <span class='ocrx_word' id='word_1_266' title='bbox 235 3926 402 3987; x_wconf 78' lang='lat' dir='ltr'>coniuratis</span> <span class='ocrx_word' id='word_1_267' title='bbox 448 3914 622 3990; x_wconf 84' lang='lat' dir='ltr'>occidillet,</span> <span class='ocrx_word' id='word_1_268' title='bbox 679 3927 762 3981; x_wconf 83' lang='lat' dir='ltr'>enim</span> <span class='ocrx_word' id='word_1_269' title='bbox 782 3918 944 4003; x_wconf 77' lang='lat' dir='ltr'>fignificat,</span> <span class='ocrx_word' id='word_1_270' title='bbox 974 3929 1177 3992; x_wconf 65' lang='lat' dir='ltr'>oliventum</span> 
     </span>
     <span class='ocr_line' id='line_1_38' title="bbox 131 4003 1178 4096; baseline 0.001 -25"><span class='ocrx_word' id='word_1_271' title='bbox 131 4015 284 4096; x_wconf 80' lang='lat' dir='ltr'><strong>Smyrnae</strong></span> <span class='ocrx_word' id='word_1_272' title='bbox 323 4029 341 4066; x_wconf 84' lang='lat' dir='ltr'><strong>a</strong></span> <span class='ocrx_word' id='word_1_273' title='bbox 365 4003 531 4065; x_wconf 80' lang='lat' dir='ltr'><strong>Dolabella</strong></span> <span class='ocrx_word' id='word_1_274' title='bbox 559 4006 625 4082; x_wconf 89' lang='lat' dir='ltr'>pri·</span> <span class='ocrx_word' id='word_1_275' title='bbox 680 4009 858 4070; x_wconf 77' lang='lat' dir='ltr'>condedit.</span> <span class='ocrx_word' id='word_1_276' title='bbox 899 4007 1015 4090; x_wconf 81' lang='lat' dir='ltr'><strong>Itaque</strong></span> <span class='ocrx_word' id='word_1_277' title='bbox 1046 4013 1178 4080; x_wconf 67' lang='lat' dir='ltr'>locutu·</span> 
     </span>
     <span class='ocr_line' id='line_1_39' title="bbox 131 4086 1180 4185; baseline -0.001 -24"><span class='ocrx_word' id='word_1_278' title='bbox 131 4119 200 4161; x_wconf 79' lang='lat' dir='ltr'><strong>auus</strong></span> <span class='ocrx_word' id='word_1_279' title='bbox 238 4112 374 4164; x_wconf 85' lang='lat' dir='ltr'>eorum,</span> <span class='ocrx_word' id='word_1_280' title='bbox 415 4093 471 4171; x_wconf 84' lang='lat' dir='ltr'>qui</span> <span class='ocrx_word' id='word_1_281' title='bbox 502 4086 625 4185; x_wconf 66' lang='lat' dir='ltr'>Caeseti</span> <span class='ocrx_word' id='word_1_282' title='bbox 680 4087 725 4153; x_wconf 81' lang='lat' dir='ltr'>est</span> <span class='ocrx_word' id='word_1_283' title='bbox 742 4087 827 4173; x_wconf 75' lang='lat' dir='ltr'>epist.</span> <span class='ocrx_word' id='word_1_284' title='bbox 857 4091 899 4155; x_wconf 78' lang='lat' dir='ltr'>ed</span> <span class='ocrx_word' id='word_1_285' title='bbox 911 4095 977 4157; x_wconf 74' lang='lat' dir='ltr'>Ate.</span> <span class='ocrx_word' id='word_1_286' title='bbox 993 4095 1055 4163; x_wconf 83' lang='lat' dir='ltr'>ult.</span> <span class='ocrx_word' id='word_1_287' title='bbox 1069 4100 1180 4168; x_wconf 62' lang='lat' dir='ltr'>lim.</span> 
     </span>
    </p>
   </div>
   <div class='ocr_carea' id='block_1_6' title="bbox 0 0 1261 4808">
    <p class='ocr_par' dir='ltr' id='par_1_7' title="bbox 0 0 1261 4808">
     <span class='ocr_line' id='line_1_40' title="bbox 0 0 1261 4808; baseline 0 0"><span class='ocrx_word' id='word_1_288' title='bbox 0 0 1261 4808; x_wconf 95' lang='lat' dir='ltr'> </span> 
     </span>
    </p>
   </div>
  </div>
 </body>
</html>
