2506 4808
138 305 201 377 ,σα
405 289 692 362 EPISTOLA
732 288 897 365 stinxi

134 503 203 554 tem
226 483 346 551 fideles
368 481 465 559 sunt,
487 487 580 567 (non
599 488 691 549 enim
712 484 839 552 audent
852 484 1023 555 adversari
1047 510 1064 557 n

134 589 391 671 voluntatibus)
430 599 466 650 et
494 607 577 652 vero
612 584 768 652 invident
794 610 865 654 non
893 584 1021 657 nost'ris
1048 591 1064 656 s

134 714 255 760 verum
275 694 377 755 etiam
403 686 480 753 suis.
1052 706 1057 715 ·

106 798 153 876 51
218 794 289 858 lam
315 793 373 873 qui
404 793 441 854 in
471 788 641 854 eiusmodi
668 791 793 865 rebus,
832 793 1018 878 inquibus
1048 819 1064 864 t

137 903 239 966 etiam
261 915 307 959 ne
328 892 449 956 durior
467 887 545 964 lim,
570 904 690 957 cautus
714 889 779 956 esse
798 891 921 969 velim,
943 914 983 960 ec
1007 896 1064 963 dili

136 1021 205 1087 quo
228 1016 283 1060 me
309 1000 422 1059 animo
442 1000 479 1059 in
502 993 617 1061 servos
642 992 707 1059 esse
732 990 874 1060 censes?
915 1016 1006 1081 quos
1034 1021 1064 1085 qt

136 1122 242 1188 quum
262 1096 424 1162 omnibus
446 1100 482 1160 in
501 1095 609 1171 locis,
632 1108 706 1162 tum
727 1101 910 1186 praecipue
929 1103 967 1186 in
982 1120 1064 1188 pron

135 1221 259 1290 regere
279 1198 461 1262 debemus:
502 1220 570 1282 quo
590 1198 632 1263 de
655 1197 784 1286 ¹genere
804 1196 912 1265 multa
931 1207 1064 1291 praecip

136 1304 224 1370 funt.
268 1298 338 1366 Sed
359 1296 428 1364 hoc
451 1313 486 1364 et
502 1297 729 1366 brevissimum
745 1297 810 1375 est,
833 1314 868 1366 et
888 1300 1049 1368 facillime

135 1402 266 1495 potest,
284 1414 324 1467 ut
345 1406 393 1466 ita
412 1400 445 1465 se
462 1414 581 1490 gerant
595 1407 631 1468 in
654 1399 725 1467 istis
740 1399 897 1470 Asiaticis
911 1404 1064 1470 itineribt

137 1506 160 1572 fi
182 1512 250 1572 iter
264 1502 378 1591 Appia
392 1507 445 1569 via
464 1504 615 1572 faceresz
635 1523 720 1568 neve
741 1501 901 1568 interesse
916 1506 1064 1592 quidque

136 1622 229 1683 tent,
261 1619 377 1673 utrum
402 1602 559 1679 Tralles,
594 1626 648 1669 an
668 1602 824 1669 Formias
848 1613 1017 1673 venerint.
1061 1666 1064 1676 .

44 1747 48 1752 -
138 1716 215 1797 quis
233 1707 340 1774 estex
364 1706 469 1773 servis
489 1711 627 1795 egregie
643 1701 772 1771 tidelis:
795 1700 834 1769 fit
854 1711 890 1770 in
907 1707 1064 1779 domestic

136 1817 222 1887 bus,
243 1823 278 1875 et
294 1814 454 1897 privatis;
477 1828 561 1893 quae
581 1828 637 1873 res
653 1807 694 1872 ad
711 1803 1019 1897 officiumimperii
1035 1827 1064 1880 te

137 1937 204 2001 que
226 1913 268 1978 ad
290 1911 435 1996 aliquam
455 1922 587 1999 partem
610 1915 662 1985 rei
683 1907 838 1996 publicae
861 1904 1064 1997 pertinebuu

136 2015 192 2082 his
214 2015 318 2078 rebus
341 2013 468 2098 nequid
489 2018 643 2101 attingat.
686 2008 797 2076 Multa
825 2017 934 2087 enim,
967 2036 1056 2100 quae

137 2118 307 2183 committi
339 2110 442 2181 servis
472 2112 630 2179 fidelibus
658 2107 820 2200 possunt,
859 2124 976 2205 tamen
1007 2115 1064 2183 ses

139 2231 174 2283 et
201 2221 461 2302 vituperationis
493 2214 650 2281 vitandae
681 2213 778 2279 eausa
816 2219 1064 2284 committenda

137 2319 225 2386 sunt.
271 2314 342 2382 Sed
366 2314 478 2383 nescio
522 2339 587 2402 quo
616 2330 717 2405 pacto
757 2315 799 2378 ad
819 2321 1052 2404 praecipiendi

137 2440 219 2486 nem
237 2415 366 2504 delapsa
389 2416 436 2482 est
458 2424 569 2483 oratio
583 2438 676 2490 mea,
699 2438 801 2500 quum
817 2416 852 2481 id
868 2415 951 2484 mihi
965 2441 1064 2510 prop<

137 2527 237 2594 initio
260 2540 332 2583 non
354 2519 476 2584 ferisset.
535 2518 627 2610 Quid
650 2525 741 2583 enim
763 2525 793 2583 ei
812 2525 1035 2608 praecipiam,
1057 2545 1063 2593 ς

140 2645 204 2712 ego
218 2627 253 2686 in
271 2619 336 2685 hoc
354 2620 550 2709 praesertim
566 2642 691 2709 genere
707 2619 894 2708 intelligam
907 2623 1064 2709 prudenti

140 2725 203 2791 esse
216 2725 431 2795 inferiorem,
454 2744 553 2807 quam
564 2745 617 2786 me
626 2744 635 2804 ;
658 2721 717 2787 usu
730 2743 813 2786 vero
828 2727 928 2785 etiam
944 2722 1064 2811 superi(

139 2827 211 2897 Sed
231 2842 346 2893 tannen
369 2823 390 2888 fi
414 2823 456 2888 ad
478 2844 533 2899 ea,
557 2846 640 2908 quae
659 2825 811 2897 faceres,
831 2830 1016 2894 auctoritas
1037 2848 1064 2893 a<

521 3093 791 3108 m

154 3319 244 3366 uum
259 3302 392 3388 fideles]
423 3305 500 3365 Non
524 3278 630 3384 placet
686 3305 822 3387 gendum
844 3304 996 3388 putebat,
1016 3309 1064 3372 sel

139 3407 212 3455 tum.
234 3394 344 3454 Malim
367 3393 444 3464 iam,
467 3404 521 3450 eut
544 3389 629 3449 eliud
686 3391 938 3472 consequntionis
996 3411 1064 3457 tem¹

141 3480 227 3563 quid.
278 3477 406 3552 Ernesti.
684 3474 845 3548 inductus,
869 3477 909 3537 de
932 3498 995 3561 qua
1013 3472 1064 3541 disi

153 3568 164 3602 ·.
184 3565 336 3640 adversari
360 3561 465 3637 nostris
494 3560 628 3618 volunta·
686 3558 1064 3650 ectumestinlseullnger

140 3649 236 3734 tibus]
259 3649 348 3730 quod
360 3640 470 3728 usique
484 3662 630 3706 nonnun·
684 3644 804 3708 satione
823 3646 863 3706 ed
881 3649 1042 3712 Ciceronis
1059 3677 1064 3712 t

140 3756 234 3818 quem
257 3732 356 3794 sidolis
380 3733 469 3792 amici
490 3727 533 3790 est
561 3727 630 3789 ossi·
686 3751 755 3791 rum
777 3732 961 3795 editionem..

142 3824 222 3881 olum
239 3862 249 3892 ‚
298 3822 398 3879 emico
434 3833 630 3900 repugnare,
728 3815 910 3903 quemme]
934 3817 1045 3881 Hoo'e

142 3910 213 3985 eum
230 3902 400 3964 dehortari.
623 3906 638 3925 ’·
686 3901 1064 3982 toreprosectnmeffeE

151 3987 320 4072 efaceres]
356 3990 431 4048 Non
459 3982 630 4047 audiendus
688 3986 818 4051 dubium
834 3992 901 4051 non
917 4003 995 4052 eret.

141 4073 266 4138 Ernesti
282 4079 337 4158 qui
359 4071 388 4135 li.
410 4071 559 4142 Insanus
586 4069 632 4130 lo·
697 4098 701 4103 -
