2506 4808
138 320 203 366 ⁸02
264 345 268 350 -
395 293 677 368 EPISTOLA
719 296 911 369 XXXVL

108 496 151 567 3«
224 476 294 558 Sed
316 489 401 553 haec
420 500 536 552 coram
559 487 784 554 commodius.
827 488 929 555 Nunc
951 489 1012 556 aud

139 597 283 679 quaeris.
326 588 472 655 Antium
495 609 550 651 me
571 608 614 653 ex
627 586 806 656 Formiano
828 597 1012 678 recipere<

137 695 173 759 tl.
194 718 217 761 r
236 715 317 758 non.
330 690 412 756 Mei.
426 686 536 755 Antio
551 688 629 755 volo
652 711 733 754 non.
751 689 833 756 Mai.
853 689 1012 779 proficisci

135 795 327 863 lculenum.
364 790 436 859 Sed
460 812 562 875 quum
584 813 602 855 e
625 791 806 858 Formiano
827 793 985 869 rediero,
1008 815 1012 866 l

133 896 245 982 nique
268 896 310 960 ad
334 894 422 983 prid.
450 891 585 958 kalend.
605 892 686 957 Mai.
712 892 812 977 volo)
835 895 960 960 daciam
987 897 1012 961 st

15 1069 17 1072 ,
136 1006 331 1089 certiorem.
351 1022 354 1029 ·
375 992 549 1061 Terentia·
567 996 630 1059 tibi
656 991 805 1060 salutem.
848 998 990 1091 Κικέρων

130 1096 309 1189 ὀπίζεται)
342 1099 441 1168 'itm
469 1095 650 1186 ’Aspiciam

140 1338 145 1349 .
233 1224 516 1351 nersronu
554 1277 709 1348 xxxvi.
760 1276 944 1365 (reru
978 1303 1012 1359 ις

252 1427 317 1488 Ser.
331 1424 448 1487 Tribus·
458 1422 611 1486 Tabernis
624 1422 680 1485 IX.
693 1422 791 1507 April.
806 1425 842 1487 A.
858 1426 896 1488 U.
912 1426 948 1489 C.
958 1427 1012 1509 694

131 1559 221 1624 Ferri
243 1584 301 1620 nort
320 1563 400 1638 posse
414 1564 518 1638 scribit
540 1564 590 1641 qui
612 1544 722 1640 negare
748 1565 877 1619 audeant
901 1557 1012 1622 Clodiu

172 1669 234 1726 ium
251 1662 372 1733 factum
395 1665 459 1741 effe.
488 1680 528 1726 1.
565 1667 603 1722 de
620 1661 759 1722 Curionis
773 1664 955 1726 narratione.
982 1687 1012 1728 2.

138 1784 154 1833 ,ἱ
168 1772 257 1844 plura
271 1767 420 1843 tamense
441 1787 481 1825 ex
499 1762 594 1825 Attici
615 1769 711 1829 literis
735 1767 883 1843 didicisse,
904 1780 936 1842 5.
978 1770 1012 1826 de

135 1876 142 1889 ¹
164 1871 200 1952 se
209 1871 392 1950 scribendis,
425 1869 531 1926 addita
553 1864 733 1929 Dicaearchi
753 1870 852 1927 laude.
873 1876 905 1947 4.

356 2013 558 2083 CICERO
600 2015 842 2087 ATTICO.
887 2015 926 2084 S.

137 2162 141 2211 ς
207 2135 344 2224 Negent
363 2133 413 2202 illi
432 2133 588 2243 Publium
612 2135 783 2224 plebeium
806 2137 936 2207 iactum
956 2135 1012 2202 ess<

503 2293 774 2314 o———u-——q—

135 2420 139 2427 ·
168 2399 255 2459 quum
270 2400 287 2437 e
304 2372 463 2436 Fir-miano
477 2377 609 2460 rediero]
667 2399 780 2460 gnum,
803 2380 903 2459 inquit
912 2418 923 2450 ,
949 2375 1012 2439 elil

121 2466 247 2547 Nempe
262 2467 405 2537 Antium,
421 2462 440 2523 s.
455 2466 488 2524 in
507 2463 610 2524 villum
667 2480 792 2536 cerunt,
814 2463 903 2543 quod
917 2467 985 2524 iure
1004 2485 1012 2523 1

123 2556 290 2614 Antiatem.
666 2563 783 2610 terunt:
812 2568 914 2621 nunc,
948 2553 1012 2629 quii

167 2643 285 2717 κικέρων
301 2633 316 2692 ὅ
332 2628 446 2714 μικροὶ]
467 2632 609 2715 iugenio·
665 2638 740 2705 tuit,
764 2634 879 2693 lectum
894 2650 1011 2717 negent

122 2718 153 2782 se
173 2719 355 2780 Wielendur
384 2721 508 2777 coniicit
529 2716 607 2778 haec
664 2719 793 2779 Clodius
810 2723 929 2778 emittet
950 2720 1012 2778 edi

121 2805 216 2867 verbe
251 2807 436 2864 Ciceronem
490 2802 605 2876 filium,
662 2802 834 2862 meumhec
848 2805 887 2862 de
900 2802 1010 2864 retesti

120 2895 258 2971 quitum
281 2889 366 2967 epud
379 2883 606 2947 Aristodemum
662 2888 783 2956 tabellis
808 2892 979 2966 excipient,

119 2972 258 3034 Graecas
306 2973 410 3032 literar
460 2971 606 3047 disceret,
664 2989 775 3056 gnem3
801 2973 924 3044 iurabo,
942 2976 999 3037 Cn.

119 3057 228 3140 suopte
245 3058 342 3116 manu'
359 3053 565 3136 subscripsisse.
663 3064 726 3116 ium
741 3060 823 3117 Antii
845 3057 921 3116 mihi
942 3079 1012 3118 nurr

161 3140 255 3223 Epist.
279 3141 428 3201 XXXVI.
487 3162 513 3200 1.
545 3137 605 3197 Ne·
664 3139 1012 3224 auspicioscfuill'e‚qu

118 3240 192 3311 gent
225 3225 293 3308 illi]
352 3226 458 3305 Quum
494 3224 607 3285 Caesar
664 3228 731 3286 dius
745 3226 814 3310 lege
825 3227 960 3287 Caesaris
976 3229 1012 3287 ad

118 3331 151 3375 et
175 3307 353 3391 =Pompeins
386 3309 534 3369 Clodium
564 3312 606 3370 ed
662 3311 920 3373 transduceretur.
942 3309 1012 3373 Mar

116 3397 244 3482 plebem
268 3391 520 3464 transmittent,
551 3414 606 3454 eo·
662 3396 809 3457 credibile
840 3394 883 3456 est
906 3399 1007 3479 Pomp

117 3503 182 3565 que
208 3503 283 3542 mox
311 3499 378 3540 non
405 3477 473 3538 sctit
503 3483 604 3539 emico
662 3480 824 3541 Caesarem
851 3480 975 3564 negasse
1005 3487 1012 3543 l

116 3583 295 3636 uterentur,
329 3568 383 3645 qui
404 3569 497 3622 etiem
520 3563 604 3624 dele·
660 3565 818 3646 plebeium
834 3565 949 3626 sactum
964 3567 1012 3629 eli.

115 3669 181 3714 tem
206 3652 244 3713 ab
266 3655 302 3710 iir
322 3653 498 3709 Armeniam
519 3650 604 3732 lega·
661 3656 742 3710 enim
758 3671 852 3711 nemo
874 3673 1012 3734 negare*

114 3743 233 3799 tionem
248 3730 491 3814 contempsissem
509 3749 604 3817 nege·
658 3734 714 3795 nisi
727 3738 810 3796 sorte
825 3737 926 3796 ebrius
947 3756 1000 3799 aut

114 3822 207 3894 bant,
245 3819 332 3878 illurn
358 3819 517 3898 plebeium
541 3817 603 3879 elle
658 3820 770 3901 Itaque
796 3823 978 3881 Ciceronem
1011 3868 1012 3878 ,

114 3909 249 3978 fectum,
270 3905 410 3983 ideoque
425 3923 485 3964 nec
506 3904 602 3962 tribu·
658 3902 818 3985 scripliller
871 3904 994 3985 Negent

114 4009 221 4053 netum
234 3987 322 4070 polle
338 4005 456 4068 petere.
479 3989 538 4047 iiic
553 3991 602 4048 Ci-
659 4012 750 4063 opcra
775 3988 908 4049 Publium
929 3998 1012 4068 plebe

115 4096 208 4138 tero.
224 4074 386 4161 indignans
394 4117 405 4149 ,
434 4073 526 4156 quod
552 4095 602 4136 re·
658 4087 737 4134 errem
761 4077 824 4154 esse.
874 4079 925 4139 Sic
939 4077 1010 4161 post
