2506 4808
154 320 219 403 ,ις’
414 278 706 386 tattsrota¹
740 317 926 386 cxuvt.

158 517 195 572 et
216 502 292 571 filva
304 505 490 571 viridicata.
533 506 689 571 Fundam
707 507 808 573 audio
824 518 859 572 te
874 505 965 571 hunc
981 504 1193 576 Bovillanum

156 605 244 673 valle
264 611 425 670 retinere.
468 606 523 670 De
546 630 586 672 eo
610 608 690 690 quid
710 609 881 680 videatur,
901 605 971 694 ipse
993 607 1194 678 constitues.
1239 681 1247 696 ,

116 722 120 727 “
155 707 287 773 calvus
310 709 437 782 aiebat,
461 729 545 791 aqua
568 709 724 796 dempta,
746 721 781 772 et
797 714 869 773 eius
890 722 995 791 aquae
1017 714 1095 774 iure
1115 734 1195 778 cott-

156 808 291 882 stituto‚
331 821 366 873 et
386 808 547 874 servitute
570 809 677 873 fundo
703 809 752 875 illi
780 807 949 897 imposita,
986 822 1106 876 tamen
1129 837 1193 880 noe

156 917 306 1000 pretium
335 910 467 977 servare
489 909 601 998 posse,
646 908 666 974 st
693 912 841 976 vendere
863 909 1039 976 vellemus.
1085 914 1196 980 Messi·

155 1012 253 1077 diurn
280 1035 415 1078 mecum
437 1010 550 1077 habui.
596 1011 629 1078 Is
653 1009 815 1076 seternis
835 1017 984 1076 nummis
1009 1018 1046 1076 in
1069 1017 1194 1102 pedem

154 1127 273 1178 tecum
288 1112 485 1200 transegisse
503 1113 654 1175 dicebat:
674 1108 739 1176 sese
754 1126 864 1177 autem
879 1111 1029 1176 mensum
1047 1119 1192 1203 pedibus

154 1219 266 1280 aiebat
283 1214 431 1302 passuum
449 1233 486 1278 tv
497 1233 575 1293 0105
593 1210 677 1276 mihi
691 1208 768 1300 psus
787 1213 892 1280 visum
907 1213 964 1278 est.
1008 1215 1085 1280 Sed
1101 1243 1193 1305 prae·

152 1316 269 1389 stab0,
303 1315 471 1400 sumptum
495 1335 664 1395 nusquam
684 1314 804 1380 melius
825 1314 916 1402 posse
942 1322 1033 1404 poni.
1082 1319 1194 1388 Chilo·

156 1439 237 1484 nent
261 1415 459 1482 arcesserant
480 1416 640 1481 Venafro.
707 1415 780 1482 Sed
807 1437 848 1482 eo
875 1414 945 1506 ipso
966 1420 1021 1483 die
1045 1436 1193 1504 quatuor

538 1603 808 1618 w

153 1748 158 1761 ·
198 1702 380 1793 viriditate]
428 1709 504 1769 Non
532 1707 643 1769 dubito
701 1710 847 1771 finitimos
863 1711 978 1771 sttndoa
992 1710 1124 1776 illorum
1139 1715 1193 1780 do·

151 1799 232 1878 quin
260 1795 322 1857 hoc
342 1794 530 1857 vocabulum
557 1816 644 1854 men·
701 1801 790 1855 mittit
814 1798 919 1856 locare
936 1794 1042 1874 poffis.

154 1879 268 1943 dosunt
292 1876 350 1942 stt·
381 1879 548 1939 Lambinus
580 1882 645 1938 edi·
736 1881 882 1954 seruitute
901 1878 1003 1949 fundo
1027 1884 1078 1940 itti
1101 1885 1194 1960 impo-

155 1965 201 2025 dit
215 1968 366 2025 vindicato
380 1970 401 2026 i.
420 1984 447 2024 e.
465 1981 596 2049 purgata
613 1980 645 2023 et
693 1963 779 2050 sita]
799 1971 868 2045 quia
886 1967 999 2026 fundus
1016 1986 1123 2047 aquae
1138 1967 1194 2031 ser-

153 2050 248 2113 rebos
279 2051 383 2112 alienia
408 2065 439 2109 et
466 2047 644 2125 supervaca-
702 2056 778 2118 vict,
801 2070 897 2132 qtturn
920 2072 956 2110 ea
981 2069 1119 2133 cogetur
1140 2061 1193 2117 uti.

153 2144 220 2198 neta
234 2135 372 2196 liberata.
401 2135 436 2194 ln
452 2136 523 2192 cod.
540 2134 642 2193 Mem·
699 2135 793 2195 Unde
807 2141 887 2195 enim
901 2138 1067 2218 irrigetur,
1095 2139 1194 2202 aliun·

154 2225 262 2280 attieno
280 2223 500 2278 eratoiridata.
545 2220 643 2280 lime·
699 2221 825 2279 deuon
843 2225 910 2281 erit.
954 2217 1193 2285 stastsundum

153 2303 211 2365 itio
260 2306 402 2384 placebat
454 2303 639 2360 viridicantes
697 2306 829 2377 vendes,
867 2310 921 2384 qui
945 2305 1094 2367 dominus
1129 2316 1192 2371 eius

151 2390 214 2448 set
238 2389 300 2449 stoc
326 2387 369 2449 est
391 2386 523 2449 otiosum
548 2382 641 2447 silvae
697 2391 819 2449 futurus
845 2389 905 2461 est,
937 2395 962 2450 is
987 2389 1045 2449 tibi
1074 2392 1193 2476 aliquid

152 2474 334 2554 epitheton,
356 2473 410 2534 nist
433 2473 515 2532 sorte
529 2475 640 2531 intelli·
697 2476 830 2551 pendet,
866 2471 888 2532 fi
912 2475 1011 2535 sundo
1037 2472 1094 2538 suo
1120 2501 1194 2542 cort.

152 2581 207 2642 gar
231 2560 270 2619 de
293 2560 455 2620 arboribus
482 2574 638 2638 perpetuo
695 2559 805 2620 sustam
827 2558 921 2619 volet.
964 2555 1088 2622 Manat.

152 2645 332 2704 virentibus.
694 2672 698 2680 ·
741 2645 833 2702 ternis
855 2643 972 2729 ttumt‘s]
996 2643 1152 2709 sestertiit.

196 2725 405 2808 Bovillanum]
428 2724 642 2787 nonestasa·
742 2730 771 2786 itt
824 2735 930 2803 pedem
984 2737 1191 2820 transegisse]

149 2814 254 2884 anilia,
278 2830 313 2874 ut
329 2811 522 2882 aufidianus,
547 2831 640 2892 quern
698 2812 991 2892 NetnpeMeffidiua
1005 2816 1193 2899 redemptor

151 2897 640 2980 proximenontinavit‚sontior,
700 2899 902 2958 deducendae
929 2919 1052 2977 aquae,
1091 2901 1193 2989 strigu-

150 2982 258 3056 (nussa
280 2987 358 3042 attint
377 2982 499 3040 Romae
522 2981 640 3042 liovilia
699 2985 747 3044 lot
776 2988 808 3042 itt
830 2985 927 3062 pedes
952 2984 1032 3044 alvei
1057 2986 1192 3052 faciendi

151 3067 354 3146 santilia)sed
369 3067 407 3124 ab
422 3066 551 3149 ignobili
565 3067 639 3127 loco
698 3073 790 3128 ternis
819 3071 952 3129 nummis
985 3084 1192 3158 transegerat.

149 3172 267 3215 nomen
290 3153 427 3211 ductum.
471 3153 549 3211 Sunt
573 3155 641 3233 qui·
697 3158 797 3233 Supra
824 3153 863 3212 de
882 3151 1029 3214 Messidio
1052 3157 1192 3235 dixerat,

149 3235 208 3297 bus
238 3238 360 3314 placeat
386 3237 591 3296 Bovissitnutn
621 3259 640 3296 a
698 3238 787 3317 quod
809 3238 888 3296 ltattc
909 3236 1095 3301 sententiam
1120 3267 1193 3306 cott-

146 3319 293 3394 -Bovissis,
315 3321 369 3381 ubi
384 3319 513 3380 Clodius
531 3319 574 3380 est
594 3329 640 3380 itt-
697 3323 813 3384 sirtnet:
839 3324 1001 3380 uberiorem
1023 3348 1142 3408 aquam
1161 3334 1193 3409 se

149 3407 315 3479 mitetur,
337 3427 418 3488 quot
432 3401 545 3465 reselsit
565 3427 641 3487 geo·
695 3412 873 3468 collecturos
889 3411 1033 3469 dicebant.

151 3491 302 3576 graphiae
345 3492 436 3553 ratio.
500 3491 641 3551 Bovrssne
688 3520 693 3527 ·
738 3491 1194 3574 1v010]Huncnurnerntn

149 3581 232 3637 enirn
262 3585 343 3636 inter
366 3577 498 3637 Ariciam
525 3577 641 3635 ttRo·
690 3577 978 3657 ‘posuitGruterua
1025 3582 1196 3649 Olimerat

145 3678 248 3732 manu
269 3662 383 3721 sundua
408 3678 511 3719 autent
533 3660 583 3720 hic
608 3669 641 3722 in
699 3679 857 3731 ccccm,
878 3663 945 3724 ste.
959 3662 1108 3742 passuum
1121 3695 1198 3752 qna.

139 3752 289 3827 'Arpinati
310 3748 376 3806 suit.
422 3742 542 3807 Manat.
698 3751 860 3828 dringenta
877 3749 989 3820 missia,
1013 3757 1109 3830 quod
1123 3756 1199 3820 esset

150 3857 153 3864 ·
190 3853 271 3910 aquo
289 3829 434 3913 dempta]
457 3846 584 3908 excepta
606 3834 639 3890 itt
695 3831 1199 3921 absurdunt.Manutiusrepoi'uit

142 3918 328 3976 venditione
350 3919 455 3992 suntin,
474 3929 509 3973 ut
525 3916 638 3974 asiana·
700 3930 748 3983 00
762 3939 839 3976 cccc
855 3919 875 3975 t'.
891 3939 918 3980 c.
940 3919 1028 3978 mitte
1044 3927 1202 4004 quadrin.

144 4013 180 4058 to
198 4002 319 4073 fundo,
342 4021 423 4079 aqua
440 4016 544 4060 tamen
566 4004 639 4059 iuris
697 4008 784 4086 genti
811 3996 927 4081 passer,
966 4008 1022 4084 qui
1056 4031 1203 4097 aequant

146 4089 194 4146 tui
215 4083 387 4168 sit,.quam
402 4086 444 4145 ad
464 4086 640 4170 irrigando·
697 4089 819 4169 pedum
840 4086 960 4171 septem
980 4090 1094 4160 millia.
