2506 4808
239 292 523 366 aristone
567 291 761 362 exxnr.
950 274 1020 383 eie

95 511 117 556 a
131 486 280 557 Caesare.
291 485 429 560 literae,
449 504 531 570 quas
551 479 778 571 exspectaret,
798 479 957 549 remissae·
972 480 1017 547 es-

99 602 280 657 auctorem
299 593 401 652 etiam
422 586 592 652 daturum.
635 582 762 647 Utrum
783 582 819 646 id
836 580 921 647 nihil
942 583 1018 661 fuit,

87 691 246 759 [versatae
267 689 342 756 sunt
366 684 516 754 Caesaris
536 680 678 769 literae?
714 703 756 746 an
773 680 819 746 est
842 682 964 767 aliquid
980 692 1018 752 iu

92 799 198 869 etiarn
212 792 296 859 illud
311 788 504 877 scripseras,
527 786 692 860 eundem,
716 782 901 851 secundum
918 794 1019 859 eomi-

87 893 203 961 iixisse.
245 892 316 967 Tu,
330 891 352 959 fi
367 892 475 966 vides,
500 896 634 976 quantis
649 894 686 953 in
700 886 796 953 malis
813 892 951 964 iaceam,
972 902 1021 981 et,

90 1017 127 1061 as
138 978 210 1062 ¹esse
225 993 445 1058 humanitatis
462 1006 552 1066 tuae,
573 1013 628 1055 me
643 991 694 1055 fac
710 989 755 1053 de
768 1000 842 1053 tota
854 988 948 1055 causa
961 1014 1022 1057 no·

87 1104 276 1162 :ertiorem
326 1093 412 1158 Nam
439 1091 588 1183 Quintus
611 1093 736 1164 frater,
769 1086 873 1154 homo
902 1097 1024 1169 mirus,

86 1219 121 1262 ie
136 1210 205 1262 tam
215 1195 321 1262 ratde
335 1206 444 1269 amat,
466 1199 580 1258 omnia
592 1197 699 1257 mittit
720 1189 788 1280 sp'ei
800 1191 916 1280 plena,
954 1218 1021 1261 me·

87 1323 111 1375 t,
132 1298 258 1385 crede,
288 1297 517 1361 desectionem
540 1299 642 1361 animi
660 1298 738 1358 mei.
792 1291 892 1359 Tuae
907 1307 1022 1361 autem

89 1423 108 1465 e
123 1396 198 1463 sunt
215 1402 336 1462 variae.
381 1396 500 1481 Neque
514 1402 604 1462 enim
620 1417 675 1460 me
692 1393 867 1484 desperare
879 1384 941 1471 vis,
956 1418 1021 1483 nee

87 1516 121 1564 te
137 1498 280 1588 sperare.
323 1498 387 1562 Fac
403 1495 546 1562 ebsecro
563 1511 616 1575 te,
634 1511 672 1563 ut
691 1503 823 1575 omnia,
849 1502 933 1583 quae
947 1520 1023 1593 per-

87 1623 106 1666 a
122 1612 156 1666 te
172 1598 335 1690 possunt,
346 1598 501 1664 sciamus.

374 1805 644 1823 W

87 1941 130 2013 ist.
139 1941 282 2005 LXXIII.
307 1941 415 2026 fimet]
439 1936 482 2000 Si·
538 1945 572 2004 in
610 1941 718 2007 senatu
752 1941 872 2024 aliquid
901 1963 1025 2025 propo-

87 2050 164 2111 nepe
172 2035 300 2110 ponitur
311 2049 369 2107 pre
377 2029 482 2102 fimus·
539 2032 602 2102 nit,
635 2044 668 2090 et
684 2032 768 2090 cuiue
791 2034 824 2091 in
842 2026 1026 2091 sententiam

88 2114 237 2174 heedrut:
261 2111 427 2191 (frasueta,
443 2114 484 2188 si-
539 2110 694 2194 posteaid
714 2114 968 2176 decerniturCic.
985 2112 1027 2185 ed
1060 2119 1064 2127 “

87 2203 145 2260 citit
159 2202 200 2277 ess
219 2211 385 2272 repertum,
409 2200 483 2254 mal·
541 2201 626 2261 Fam.
641 2200 710 2261 XV.
732 2208 765 2276 4.
805 2195 918 2278 Regem
934 2203 1027 2262 Ario-

87 2286 333 2345 *erantlaudibaa
359 2285 409 2343 Sic
422 2281 486 2342 sae·
541 2283 724 2355 berzenem,
757 2284 836 2340 cuius
855 2287 1027 2360 salutem&

88 2377 190 2438 icero,
217 2370 382 2440 Horatius,
410 2369 484 2428 Ovi·
534 2371 650 2446 senatu,
673 2371 710 2425 de
723 2381 862 2439 auctore,
881 2390 1025 2427 commeat·

87 2457 175 2516 ttelii.
199 2453 399 2516 Retesstrite.
415 2453 484 2513 Bal·
540 2459 644 2513 datam
660 2456 808 2514 habebam.
827 2453 872 2513 Id.
883 2453 1027 2517 inPisott.

92 2556 197 2601 tamen
227 2556 259 2599 et
288 2535 413 2599 Helmst.
442 2539 485 2617 fi·
542 2562 567 2601 c.
583 2555 633 2614 32.
652 2543 689 2598 de
710 2559 758 2595 me
771 2539 892 2613 senatus
911 2543 955 2598 ita
978 2542 1028 2597 de·

87 2648 104 2685 2.
127 2661 160 2672 -
202 2619 310 2682 Graev.
541 2625 651 2698 crevit,
676 2619 728 2685 Cn.
745 2617 1032 2698 Pompeie,aactore

87 2706 233 2792 Caesare]
284 2707 373 2794 Vulg.
399 2706 483 2769 addi·
543 2723 572 2770 et
600 2711 661 2768 eius
686 2711 851 2785 sententiae
884 2711 1029 2785 principe.

87 2798 106 2868 i,
120 2799 209 2877 quod
220 2794 484 2855 auctoritatecod.
540 2797 583 2855 Ex
599 2815 664 2875 quo
686 2795 761 2855 loco
778 2794 915 2855 videmus
930 2792 1031 2874 ipsum

87 2878 299 2942 aierilelmst.
317 2880 485 2939 detendunt
542 2882 728 2961 Pompeium
750 2877 838 2943 fuisse
867 2897 1030 2941 auctorem

87 2982 158 3027 recte
173 2967 323 3025 Graevius
341 2963 462 3024 censuit.
542 2965 574 3026 h.
589 2987 614 3024 e.
632 2965 819 3026 adsenatum
834 2963 978 3040 retulisse,
995 2981 1031 3026 ut

87 3063 193 3110 :torem
213 3052 302 3108 etiam
324 3045 486 3130 datarum]
543 3054 657 3111 Cicero
671 3067 880 3111 revocaretur.
904 3051 963 3110 Hic
978 3071 1032 3111 au·
1131 3066 1136 3073 ‘

87 3141 158 3197 ionis
193 3153 224 3194 et
259 3134 359 3196 saturis
387 3155 485 3194 meee.
543 3153 606 3196 tem
631 3141 786 3214 promittit
813 3134 843 3194 se
866 3152 1032 3196 auctorem

87 3226 138 3281 ‚in
158 3219 212 3281 Pis.
236 3227 288 3300 qui
309 3237 414 3280 contra
439 3240 486 3280 ca·
545 3223 707 3291 daturum,
729 3219 759 3280 h.
774 3241 799 3279 e.
821 3223 1032 3294 inritaturum,

97 3306 173 3391 legit
205 3305 336 3365 Clodiae
370 3307 488 3365 referre
546 3311 600 3387 qui
613 3302 730 3365 senatui
747 3303 963 3384 persuaderet,
998 3321 1033 3366 ut

88 3409 152 3465 ret,
183 3407 214 3449 et
236 3395 279 3449 ita
310 3390 488 3450 sententiam
547 3394 659 3451 Cicero
681 3389 893 3450 restitueretur
912 3394 1034 3470 patriae

87 3481 121 3536 ,ui
151 3473 378 3557 praestiturum.
400 3472 487 3533 Gerr.
546 3492 577 3536 et
600 3478 757 3558 dignitati,
781 3472 841 3534 five
864 3495 947 3535 nunc
967 3473 1034 3557 ipse

87 3562 123 3622 el.
141 3579 172 3620 et
188 3559 314 3620 Helmst.
338 3581 408 3618 cum
425 3559 487 3618 vnl-
545 3564 666 3622 iuturus
706 3557 778 3619 esset
807 3576 918 3620 auctor
944 3559 1034 3621 huius

103 3647 381 3729 leguntauctorem,
401 3643 491 3725 quod
545 3651 607 3718 rei,
631 3662 665 3704 ut
679 3646 747 3717 suit,
770 3643 829 3704 five
844 3645 930 3718 elius,
950 3650 1035 3709 cuius

90 3730 133 3792 est
154 3733 209 3808 (ut
223 3732 261 3790 eb
279 3731 430 3790 Lembino
446 3729 490 3789 se·
548 3751 646 3812 opere
662 3746 809 3790 uteretur.
838 3725 996 3788 Graevius.

87 3820 120 3897 ,)
150 3822 182 3875 itt
208 3826 338 3874 actorem
370 3831 490 3877 mutati-
596 3810 640 3874 Tu
647 3818 677 3892 fl
693 3811 1035 3896 vt‘des-tueeinefae]

87 3944 96 3974 ,
141 3896 196 3959 etfi
221 3901 255 3960 id
283 3905 315 3960 in
341 3898 491 3960 Tomeos.
547 3902 718 3983 Perpetem
732 3901 842 3982 vulgo:
877 3896 1034 3976 Faesivt'·

87 3984 221 4046 irretito
242 3990 312 4044 itur.
342 3988 422 4044 Nam
439 4006 492 4044 eu·
548 3991 600 4046 des
616 4022 655 4038 -
671 3999 749 4061 tuae,
771 3983 889 4054 mefac.
928 4010 931 4015 ·

89 4076 187 4134 etiem
209 4008 269 4146 (τῇ,
297 4076 351 4152 qui
372 4075 492 4151 primun
948 4072 951 4077 ’
994 4070 1004 4087 “
