2506 4808
133 350 197 425 ,40
367 325 646 399 errsrooa
691 322 932 395 cxuvru.

132 524 316 612 Pompeius
334 519 374 584 ad
398 540 453 583 me
468 539 547 582 cum
563 513 732 579 mandatis
747 509 939 579 Vibullium
963 512 1126 590 misisset,
1146 525 1186 582 ut
1252 515 1253 582 j

133 633 306 712 integrum
321 619 402 687 mihi
422 620 464 683 de
480 615 574 683 causa
593 616 766 703 Campam
779 613 821 678 ad
836 612 929 680 suum
948 615 1110 681 reditum
1134 636 1186 681 re·
1252 673 1253 704 ;

133 726 318 795 semarem:
340 721 461 808 collegi
478 717 546 807 ipse
565 738 641 790 me,
661 728 695 780 ct
712 736 790 780 cum
804 713 972 803 ipsaquasr
987 717 1185 804 republica

132 827 205 895 sum
227 825 432 892 collocutus:
467 835 506 885 ut
527 816 611 884 mihi
635 829 705 881 tam
728 815 833 881 multa
858 837 923 904 pro
944 815 977 880 se
1001 817 1184 906 perpesse,
1252 803 1253 812 ¹

135 941 236 1011 atque
250 924 453 1015 perfuncto,
474 919 699 991 concederet,
722 929 761 982 ut
782 912 934 981 officium
951 940 1094 996 meram,
1113 942 1183 986 me·

134 1047 335 1110 moremque
358 1029 394 1090 iu
417 1025 502 1087 berae
518 1024 660 1087 meritos
676 1023 844 1092 animum,
861 1017 1039 1104 fidemque
1058 1021 1182 1088 fratria

134 1135 205 1198 mei
217 1125 438 1217 praestarem:
461 1141 626 1205 eumque,
645 1140 745 1204 quem
762 1124 888 1186 bonum
907 1125 1022 1186 civem
1045 1120 1182 1212 sempee

135 1227 324 1310 habuisset,
356 1229 485 1290 bonum
514 1229 623 1289 virum
648 1220 713 1287 esse
735 1232 917 1310 pateretur.
962 1222 1005 1287 In
1032 1221 1107 1290 illis
1130 1245 1180 1291 au·

136 1345 207 1401 tem
239 1333 324 1394 meis
357 1327 568 1397 actionibus,
603 1323 842 1406 sententiisque
872 1325 1056 1398 omuibus,
1096 1348 1182 1411 quae

136 1432 334 1519 Pompeium
351 1425 555 1494 videbantur
573 1423 769 1498 offendere,
789 1438 961 1489 certorum
976 1428 1181 1503 hominum,

138 1551 223 1617 quos
247 1533 314 1593 ium
339 1526 445 1591 debes
471 1522 644 1612 suspicari,
681 1522 852 1591 sermones
874 1525 1119 1595 afferebantur
1142 1530 1181 1595 ad

137 1653 211 1698 me:
244 1634 301 1714 qui
324 1650 428 1712 quum
450 1625 506 1692 illa
529 1623 692 1691 sentirent
713 1630 748 1689 iu
762 1645 806 1688 re
828 1624 982 1713 publiea,
1006 1648 1098 1711 quae
1118 1652 1182 1719 ego

141 1735 303 1821 agebam,
325 1728 522 1818 semperque
544 1725 722 1791 sensrssent:
744 1746 798 1789 me
821 1738 938 1791 tamen
958 1748 1033 1793 non
1055 1729 1181 1797 satisfa-

138 1855 218 1900 cere
234 1831 412 1920 Pompeio,
436 1828 676 1910 Caesaremque
698 1825 957 1893 inimiciffimum
979 1826 1072 1896 mibi
1095 1830 1182 1897 futu-
1252 1835 1253 1848 ¹

138 1956 238 2010 rum,
259 1930 416 2022 ‚gaudere
434 1927 467 1994 se
488 1931 633 1995 aiebant.
676 1930 758 1994 Erat
780 1927 845 1994 hoc
866 1927 948 1993 mihi
970 1929 1180 1999 dolendum:

136 2034 194 2103 sed
209 2033 318 2101 nrulto
332 2032 417 2098 illud
432 2036 554 2119 magia,
576 2031 668 2114 quod
680 2035 856 2094 inimicum
869 2050 1000 2104 meum,
1063 2054 1179 2100 meum

138 2135 274 2207 autem?
297 2141 403 2201 immo
428 2152 509 2199 vero
531 2129 664 2217 legum,
684 2131 904 2205 iudiciorum,
925 2135 1009 2205 otii,
1032 2141 1180 2221 patriae,

137 2242 307 2307 bonorum
328 2240 481 2303 omnium
496 2268 539 2283 ·-
561 2228 602 2296 src
626 2231 920 2320 amplexabantur,
946 2230 990 2296 sio
1009 2239 1053 2299 -in
1074 2244 1180 2304 mani·

137 2343 202 2415 bus
225 2337 412 2408 habebant,
442 2331 484 2397 fic
508 2333 686 2410 fovebant,
714 2331 756 2397 fic
777 2354 832 2399 ure
854 2334 1034 2423 praesente
1055 2336 1180 2404 oscula·

137 2445 278 2511 bantur:
299 2461 369 2506 non
389 2435 438 2502 illi
459 2433 613 2521 quidem,
632 2447 671 2500 ut
684 2431 768 2499 milri
785 2429 997 2503 stomachum
1012 2437 1179 2515 ‚facerent

137 2818 177 2885 sc.
200 2817 254 2882 etsi
273 2821 335 2880 iam
352 2840 421 2880 cum
437 2818 532 2880 sretre
548 2813 626 2878 heec
681 2814 766 2879 ribue
781 2837 841 2897 pro
857 2838 891 2879 re
910 2816 1000 2899 publ.
1019 2817 1173 2904 susceprie.

179 2907 260 2977 illet,
281 2919 385 2967 temen
406 2906 447 2966 ed
467 2924 518 2964 me
535 2899 624 2965 milit.
681 2901 923 2965 Frullrelsruesti
942 2908 974 2965 in
986 2903 1050 2966 ut
1067 2904 1172 2968 beesst.

138 2926 267 3065 lz‘lecfti.
290 3001 359 3047 aare
374 3011 443 3050 cum
454 2989 624 3051 Benedicta
680 2988 762 3048 Nem
787 2989 876 3071 quod
899 2993 942 3049 eit
968 2988 1081 3051 durius
1109 3013 1172 3067 per-

137 3075 306 3149 deleudum
354 3073 478 3146 censui,
511 3073 624 3154 ⁴quod
671 3070 781 3142 functo
814 3093 883 3133 cum
912 3076 1008 3131 mulie
1037 3077 1173 3154 perpeffu

137 3155 624 3326 :ilfT‘llqulsllfiffsssls
678 3157 1175 3308 {sllifflel'rl'lll'smlblss

137 3327 232 3392 abest.
679 3325 866 3388 ostenderet.

185 3407 377 3494 Vibullium]¹
393 3412 433 3493 Q.
451 3410 622 3473 Vibullium
719 3415 826 3471 bonum
846 3409 966 3494 esrum]
996 3416 1055 3495 qui
1077 3415 1173 3489 fidem

134 3500 329 3581 preelectum
343 3500 464 3557 labrum
480 3498 623 3578 Pompeii
678 3497 832 3578 Pompeio
847 3497 888 3556 de
904 3494 1039 3560 Caesare
1063 3503 1172 3563 detera

77 3605 79 3608 ·
136 3584 216 3645 civili
225 3583 446 3662 belloeiueque
461 3587 622 3663 copiarum
676 3579 818 3643 servaret.
865 3575 992 3656 Ernesti.

136 3684 309 3739 auctorem.
334 3665 486 3740 iiuvul.
501 3667 541 3728 ad
557 3668 620 3728 litt.
719 3677 867 3727 certorum
878 3668 1052 3754 lominum]
1076 3672 1174 3735 Cere·

135 3775 187 3836 ep.
204 3776 231 3815 a.
248 3760 281 3815 ir.
298 3751 511 3830 inPompeue
535 3748 630 3811 istola·
678 3769 750 3813 nem
770 3756 926 3832 suprimie,
945 3751 1119 3830 Bibulum,
1139 3760 1174 3823 1..

135 3840 177 3901 ed
198 3842 261 3900 litt.
277 3835 360 3898 Vlll.
385 3855 430 3894 ιι.
476 3771 598 3892 osanne
678 3837 853 3898 Domitium
870 3833 1008 3898 Caesarie
1026 3845 1176 3907 inimica

179 3934 243 3981 tam
265 3925 360 3980 multa
377 3920 510 3996 perpesso
535 3931 624 3995 utque
678 3919 830 3984 describit.
879 3916 1003 3984 Manet.

134 4005 314 4090 perfieecte]
337 4005 469 4081 perpeffo
489 4006 530 4066 de
542 4006 623 4067 cele·
697 4009 874 4085 „inimicum
895 4005 1020 4093 meum]
1045 4011 1082 4074 P.
1099 4013 1178 4076 Clo.

135 4092 304 4168 mitetibue,
310 4088 468 4168 perfuncto
483 4091 524 4154 de
533 4089 637 4155 lubun.
677 4089 763 4154 dium
770 4133 782 4169 ,
798 4110 901 4177 .un
910 4092 1057 4160 oderent
1067 4115 1179 4178 ntea,
