2506 4808
150 330 213 402 elle
406 320 688 391 EPISTOLA
728 320 922 391 CXLIX.

149 517 207 599 qui
229 511 422 598 disputant,
446 504 504 573 nih
525 514 615 584 eius,
646 515 704 592 qui
723 508 792 576 illis
813 522 940 585 nomo,
962 525 1034 578 ¹aut
1060 515 1188 582 auditus

149 613 239 681 esset.
282 611 380 677 Hanc
402 633 465 698 ego
486 609 529 674 de
550 609 759 699 republica,
777 631 875 694 quam
897 613 1059 688 institui,
1086 617 1188 705 dispu-

146 720 307 781 tationem
331 720 366 780 in
379 708 534 778 Africani
554 710 747 799 personam,
771 724 805 777 et
820 710 924 789 Phili,
948 727 986 778 et
1007 716 1138 793 Laelii,
1157 731 1187 784 et

147 814 280 884 Manilii
304 812 443 880 contuli.
492 809 646 879 Adiunxi
669 810 920 890 adolescentes,
955 813 1001 906 Q
1035 816 1187 884 Tubero

146 940 245 990 nem,
273 914 309 983 P.
335 913 519 989 Rutilium,
551 912 620 978 duo
643 912 747 982 Laelii
768 938 931 1008 generos,
960 916 1187 996 Scaevolam,

149 1032 183 1087 et
206 1018 380 1084 Fannium.
422 1016 539 1099 ltaque
563 1018 770 1103 cogitabam,
801 1022 962 1102 quoniam
984 1024 1028 1085 in
1054 1018 1184 1111 singulis

148 1120 245 1188 libris
261 1133 340 1186 utor
353 1120 555 1207 prooemiis,
577 1129 616 1181 ut
629 1114 829 1183 Aristoteles
849 1124 883 1183 in
906 1124 972 1195 iis,
1003 1144 1098 1207 quos
1121 1124 1184 1203 ἔξω.

147 1216 286 1311 τερικοᾶς
303 1233 421 1292 vocat,
442 1216 566 1302 aliquid
582 1212 727 1293 efficere,
748 1229 785 1285 ut
804 1241 873 1284 non
887 1216 955 1285 line
973 1224 1079 1291 causa
1093 1223 1184 1292 istum

148 1322 368 1413 appellarem:
406 1319 441 1383 id
464 1318 554 1402 quod
580 1316 733 1409 intelligo
754 1320 816 1385 tibi
838 1318 988 1410 placere.
1050 1322 1184 1395 Utinam

148 1427 252 1492 modo
268 1434 387 1489 conata
402 1418 538 1486 efficere
555 1414 689 1506 possim!
711 1416 799 1489 Rem
814 1426 924 1498 enirn,
947 1425 1050 1509 quod
1065 1439 1106 1493 te
1124 1450 1184 1493 non

147 1526 253 1616 fugit,
271 1543 426 1611 magnam
448 1519 648 1608 complexus
666 1518 737 1587 lum
758 1534 792 1588 et
809 1520 979 1613 gravem,
991 1540 1032 1593 et
1052 1514 1185 1619 plurimi

147 1636 226 1702 otii,
246 1650 312 1710 quo
335 1649 396 1714 ego
417 1629 563 1688 maxime
581 1644 677 1710 egeo.
720 1620 823 1715 Quod
840 1631 878 1691 in
891 1631 936 1693 iis
952 1627 1083 1705 libris,
1107 1653 1183 1717 quos

145 1728 282 1802 laudas,
312 1723 487 1816 personam
512 1720 676 1790 defideras
698 1722 901 1811 Scaevolam
941 1751 1022 1796 non
1047 1753 1127 1799 eam
1147 1745 1185 1799 te

147 1853 240 1897 mere
260 1833 401 1895 dimovi:
441 1825 495 1892 sed
520 1826 584 1891 feci
605 1825 717 1899 idem,
751 1826 841 1912 quod
863 1833 899 1892 iu
922 1835 1085 1921 πολιτείᾳ
1109 1832 1185 1901 deus

146 1932 202 2002 ille
221 1932 333 1997 noster
341 1928 446 1994 Plato.
490 1927 605 2019 Quum
620 1932 655 1991 in
664 1925 838 1993 Piraeeum
855 1927 1187 2003 Socrates'veniiiet

146 2037 189 2099 ad
213 2032 419 2121 Cephalum,
439 2030 646 2118 locupletem
668 2042 703 2094 et
725 2027 877 2095 festivum
900 2028 1045 2099 senem:
1083 2032 1188 2121 quoad

146 2141 276 2225 primus
291 2134 345 2199 ille
360 2134 470 2199 sermo
485 2130 677 2204 haberetur,
690 2126 779 2196 adest
793 2135 829 2194 in
839 2128 1062 2218 disputando
1079 2137 1186 2221 senex;

146 2236 269 2303 deinde
285 2258 387 2320 quum
403 2232 469 2322 ipse
485 2255 617 2319 quoque
638 2230 899 2299 commodissime
920 2226 1074 2304 locutus
1098 2236 1186 2313 esset,

147 2338 188 2405 ad
210 2359 283 2403 rem
301 2336 447 2401 divinam
464 2334 547 2400 dicit
568 2333 599 2399 se
619 2333 705 2400 velle
726 2334 919 2416 discedere;
944 2357 1071 2421 neque
1085 2339 1188 2433 postea

146 2446 343 2509 revertitur.
387 2429 500 2502 Crerlo
523 2435 695 2499 Platonem
721 2443 778 2502 vix
799 2434 929 2526 putasse
963 2436 1054 2506 satis
1083 2441 1187 2509 conso·

147 2541 338 2610 nomime,
361 2535 568 2600 fihomiuem
584 2537 618 2601 id
635 2543 752 2604 aetatis
767 2543 803 2607 iu
819 2553 887 2604 tam
901 2539 1018 2628 longo
1038 2543 1186 2610 sermone

148 2647 275 2710 diutius
287 2637 484 2704 retinuisset.
527 2636 640 2703 Multo
654 2660 734 2725 ergo
748 2644 863 2726 potius
880 2637 948 2704 hoc
967 2641 1066 2709 mihi
1079 2666 1187 2712 caven·

145 2747 229 2811 dum
249 2745 361 2831 putavi
383 2744 418 2803 in
438 2737 618 2821 Scaevola3
647 2745 704 2823 qui
726 2754 760 2804 et
785 2753 909 2814 aetate,
943 2754 980 2806 et
1003 2744 1187 2810 valitudine

147 2861 219 2914 erat
241 2866 296 2918 ea,
319 2863 383 2926 qua
405 2840 468 2904 elle
490 2841 689 2925 meministi;
718 2853 752 2905 et
774 2847 815 2906 iis
838 2840 1062 2922 honoribus,
1081 2860 1124 2914 ut
1141 2853 1189 2914 tii

146 2946 223 3013 satis
240 2945 402 3008 decorum
418 2940 608 3017 videretur,
632 2940 840 3030 cumplures
857 2942 930 3007 dies
949 2942 1022 3012 esse
1040 2954 1081 3015 in
1092 2942 1188 3019 Crass

147 3046 353 3118 Tusculano.
396 3044 440 3108 Et
463 3056 534 3108 erat
555 3049 656 3132 primi
682 3044 762 3109 libri
787 3038 895 3110 sermo
918 3066 994 3111 non
1020 3048 1188 3121 alienusa

527 3236 799 3251 *a*

188 3337 289 3420 Phili]
311 3337 344 3397 P.
361 3334 636 3416 PulviiPhili;qui
691 3333 814 3394 Manilii
856 3330 961 3393 Paulli
1015 3337 1090 3402 filia
1146 3360 1191 3404 m-

147 3426 207 3490 cos.
223 3427 280 3485 suit
297 3424 443 3482 cumSex.
459 3422 554 3483 AtilIo
566 3422 635 3481 Ser»
692 3436 770 3480 tum.

146 3531 225 3575 rano
240 3513 273 3569 A,
285 3509 323 3567 U.
341 3508 462 3577 0617.
736 3500 772 3560 P.
796 3498 966 3584 Rutilium]
999 3504 1139 3572 Rufum.

190 3590 337 3674 Manilii]
359 3591 405 3652 M.
422 3589 542 3649 Manilii
555 3589 591 3650 R.
602 3591 635 3650 F.
736 3584 903 3668 Fanniurn]
925 3588 1139 3655 C.annium
1153 3594 1192 3655 M.

147 3687 182 3746 P,
202 3683 242 3742 N.
278 3683 332 3758 qui
362 3696 431 3733 cum
456 3676 489 3733 L.
512 3677 635 3735 Marcio
695 3668 1114 3750 F.historieeserlptorem.
1143 3683 1193 3741 Co.

147 3768 320 3832 Cenlbrino
340 3758 401 3819 cos.
425 3762 483 3819 suit
495 3764 533 3820 A.
547 3761 585 3822 U.
603 3762 638 3819 G.
696 3773 796 3817 terum
813 3756 944 3817 eaedem
965 3759 1041 3820 sere
1055 3772 1194 3827 nominet

144 3856 219 3931 ⁶04·
621 3908 625 3915 ,
696 3862 747 3923 ep.
767 3856 835 3916 ¹55·
857 3839 920 3916 (ad
935 3841 977 3921 Q.
1004 3845 1061 3908 Fr.
1079 3849 1194 3929 llio.)

190 3939 231 4020 Q.
245 3928 444 4014 Tuberonem]
458 3931 499 4010 Q.
517 3926 640 3990 Aelium
738 3950 812 4004 ergo
826 3923 940 4007 parius]
952 3930 1008 3989 oie
1023 3935 1196 3998 maluim-

140 4022 372 4086 ·Tuberonem,
419 4018 459 4096 Q.
481 4015 519 4073 T.
543 4015 576 4073 P.
599 4015 641 4077 N.
696 4011 783 4076 uelli.
812 4010 996 4093 Vulgoego
1007 4017 1124 4090 satius,
1161 4052 1174 4077 .

147 4109 290 4170 Airicaui
317 4107 448 4169 miuorie
466 4096 585 4167 sorore
604 4096 642 4161 L.
742 4094 907 4178 Scaeuola]
930 4095 973 4159 h
1000 4097 1096 4169 libro
1116 4106 1143 4169 1,
1164 4105 1199 4169 ὰ
