2506 4808
216 290 505 363 EPISTOLA
548 295 731 365 XXXV.'
923 324 988 394 ³97

87 505 189 551 nerum
208 480 241 547 se
255 482 401 547 Romam
421 489 575 559 mittere,
597 483 682 550 haec
704 483 816 575 scripfi
838 495 1002 578 raptim,-

87 586 257 652 telicerem
274 582 533 654 mirificosoum
547 585 666 652 Publio
683 585 860 676 dialogos,
880 600 984 674 quom

95 690 212 772 quibus
228 686 364 762 scribis,
385 687 588 761 tumidum,
609 709 711 771 quem
726 690 842 764 abdis,
863 703 899 756 et
909 698 984 768 'aiei
1039 722 1043 732 ·

87 813 97 852 1
123 786 205 862 esse,
248 809 332 871 quae
355 789 406 852 ad.
427 811 465 853 ea
486 787 718 877 responderis,
737 872 741 877 ι
761 788 982 879 perscribere.

87 912 163 963 em,
183 894 241 972 qui
254 889 407 954 nondum
421 887 557 955 habitus
575 888 638 963 est,
655 911 756 973 quem
772 889 832 955 illa
845 895 982 977 noerae,

87 1014 95 1055 ε
111 989 253 1056 Solonio
275 992 429 1064 redierit,
450 991 492 1054 ad
514 1003 549 1057 te
563 990 620 1063 {est
639 989 802 1065 relatura,
819 989 866 1057 fic
880 993 982 1061 velim

93 1091 178 1159 nihil
198 1090 264 1156 hoc
284 1091 376 1179 posse
399 1089 483 1158 mihi
503 1090 566 1155 esse
592 1092 787 1158 iucundius.
831 1091 873 1161 Si
898 1118 980 1163 vero

87 1218 102 1261 e
121 1217 178 1259 me
200 1192 412 1281 Pactolum,
446 1212 484 1256 ea
503 1215 575 1257 non
594 1191 787 1267 serrantur,
820 1197 858 1259 in
882 1197 980 1263 coelo

87 1310 98 1360 t
118 1295 200 1360 sciat
213 1293 269 1359 hic
291 1293 407 1358 noster
420 1293 725 1386 Hierosolymarius
739 1295 916 1362 traductor
934 1299 978 1364 ed
1100 1344 1104 1352 -

94 1442 105 1472 ‚
126 1418 227 1481 quam
242 1399 466 1462 bonammeis
485 1392 663 1484 putissimis
678 1397 890 1481 orationihus
904 1420 979 1486 gra·

87 1499 214 1565 tulerit:
239 1521 377 1584 quarum
396 1497 552 1586 exspecta
566 1496 717 1564 divinam
732 1503 933 1587 παλινῳδίαν.

87 1702 173 1766 'ublio
197 1707 357 1792 dialogos]
379 1711 434 1769 At·
534 1698 794 1789 Nonservantur]
813 1726 830 1768 e
848 1706 974 1773 Clodio.

87 1815 96 1850 ι
123 1792 239 1853 Clodio
270 1794 432 1877 dialogor,
534 1783 569 1844 ln
583 1791 664 1847 coeio
682 1788 771 1874 sum]
794 1791 884 1853 valde
899 1815 978 1878 geu-

92 1882 124 1937 in
138 1880 322 1940 Ciceronem
342 1883 431 1939 minin
488 1873 571 1944 deor
604 1877 744 1954 primiim
770 1878 861 1958 quod
891 1880 976 1941 nond

87 1963 140 2022 liis.
371 1986 374 1993 ·
429 2006 432 2011 .
487 1956 656 2038 Pompeini
676 1958 848 2044 intelliget,
878 1983 975 2045 quem

95 2045 187 2128 vero]
207 2050 262 2108 int.
285 2046 372 2128 qood
390 2047 432 2106 ed
487 2042 604 2105 bonnm
638 2049 768 2128 gretiam
795 2049 871 2108 rneie
899 2068 976 2110 ore·

87 2153 123 2193 ro
139 2131 299 2215 dialogum
311 2136 431 2218 ntriner,¹
486 2129 624 2190 tionibus
641 2129 799 2202 retulerit,
824 2131 974 2194 Clodium

87 2239 95 2278 ι
129 2217 242 2276 Clodia
278 2221 429 2297 occipies;
488 2215 528 2273 ed
575 2211 703 2292 plebem
749 2215 972 2296 traducendo;

88 2323 119 2362 es
143 2299 331 2362 constructio
362 2322 429 2363 non
485 2298 604 2359 deinde
623 2297 714 2378 quod
735 2299 869 2362 Clodios
895 2302 974 2364 milri

118 2382 246 2461 Ernesti.
422 2386 428 2399 “
484 2404 552 2444 non
575 2383 710 2444 multum
737 2403 855 2447 nocere
880 2404 973 2466 pote·

87 2471 118 2554 ς]
140 2476 277 2530 enaiim
300 2470 430 2530 Iunonie
483 2473 541 2540 rit,
573 2465 633 2527 sive
661 2488 732 2528 cum
756 2470 911 2549 Pompeio
940 2486 973 2532 er

87 2575 238 2626 merum,
263 2552 348 2634 quasi
371 2555 429 2614 bo·
486 2551 616 2615 Caesare
641 2557 673 2611 in
696 2558 795 2635 grniie
824 2553 876 2631 sit,
911 2553 973 2618 five
1010 2625 1019 2645 .

88 2643 163 2701 bene
177 2640 295 2701 oculos.
339 2641 427 2699 Cice·
484 2639 523 2698 eb
539 2641 573 2696 iir
590 2634 753 2697 dissentiet.

87 2728 147 2784 ulit
167 2726 207 2784 nd
223 2725 326 2784 Clodii
341 2723 428 2784 soro·
528 2720 818 2806 Hierosolymarius]
835 2723 973 2804 Pompe.

87 2832 209 2890 mquam
233 2812 359 2867 alteram
376 2810 427 2867 In·
484 2811 529 2867 ius
546 2808 584 2866 eb
601 2806 824 2891 Hierosolymis
842 2815 949 2888 ceptis.
964 2837 967 2844 ¹

87 2916 164 2976 quoe
180 2896 427 2954 cumfratrecoi·
532 2887 699 2950 Traduetor
750 2895 790 2950 ad
834 2894 970 2977 plebem]

88 2975 427 3060 tur.ep.26‚4.Mannt.
484 2978 678 3037 Tradn‘xeret
700 2977 846 3038 Clodium
874 3000 926 3060 ep.
941 2984 972 3060 72

94 3068 136 3141 eft
153 3063 309 3144 relatura]
331 3067 429 3135 Nimi·
526 3060 716 3145 Pniisfimis]
774 3063 970 3137 Luculentis,

87 3153 111 3210 d
142 3148 206 3229 ipsa
234 3169 304 3207 cum
332 3150 428 3207 fratre
485 3163 515 3205 et
531 3147 691 3227 splendide
707 3147 838 3226 scriptio:
859 3150 971 3230 quibus

87 3239 224 3296 licerone
241 3236 347 3315 egerit.
485 3232 569 3290 illum
588 3235 704 3292 ornavi.
746 3232 839 3292 Unde
861 3255 972 3296 eurum

87 3319 169 3402 funt]
189 3317 428 3378 InterClodium
485 3339 598 3396 purum
630 3332 750 3396 putum.
780 3317 896 3378 ¹Potest
925 3325 972 3380 in·

87 3413 166 3464 eium
175 3447 184 3475 ‚
208 3403 249 3461 de
264 3404 427 3477 Cicerone,
486 3401 626 3485 redigere
642 3422 738 3479 quum
757 3399 843 3475 elias,
856 3408 888 3464 in
904 3409 973 3484 qni·

87 3489 256 3548 1Clodius
294 3502 427 3544 vexaret.
485 3486 542 3546 bus
586 3489 773 3565 Pompeium
814 3485 972 3560 laudavit,

87 3572 183 3634 ollive
197 3571 428 3631 dictuminteli
486 3575 661 3643 orationes,
698 3585 763 3629 tum
786 3590 856 3631 enm
878 3577 973 3632 maxi·

87 3662 299 3735 nonreperi3
319 3676 357 3714 nn
371 3656 428 3714 suit
484 3677 552 3727 me,
578 3677 639 3736 que
653 3655 814 3715 Manilium
830 3661 972 3742 rogerio·
1029 3685 1031 3689 ⁴

87 3779 109 3791 -
147 3738 275 3816 Ernesti.
320 3742 427 3818 Quum
484 3738 668 3802 nemsunsrt.
701 3736 824 3798 Manet.

87 3834 179 3887 ixerit
196 3824 427 3907 paffivepactae
527 3823 717 3908 [rainelini]
771 3822 890 3885 Mirum
928 3822 972 3885 est

87 3917 155 3970 niae
170 3907 247 3989 (Off.
258 3912 282 3969 I.
292 3916 356 3985 55.)
373 3930 427 3968 ne·
485 3909 655 3969 Ernestium
670 3909 733 3969 hoc
754 3906 796 3968 fic
815 3908 974 3989 explicuis·

87 4000 144 4058 ‚dni
176 4011 262 4057 recte
296 3993 427 4054 scribere
484 3995 535 4063 le,
575 3992 661 4075 qnasi
695 3996 806 4054 Cicero
837 3997 973 4054 Atticum

96 4104 168 4162 quae
187 4092 276 4158 parta
291 4083 369 4157 [απτ.
483 4077 598 4147 iniserit
614 4078 789 4160 exspectare
808 4075 973 4141 nonsnenr
