2506 4808
358 302 645 381 nrrsronn
690 312 915 383 ccxxvr.
968 328 970 333 ·
1083 335 1149 413 ,49

153 503 432 583 EPISTOLA
473 509 685 580 CLXXVI.
723 504 806 596 (ad
827 511 924 585 Div.
949 513 989 585 V.
1021 518 1102 607 17.)

309 641 374 700 Ser.
395 637 519 698 Romae
545 635 676 698 fortoffia
696 642 733 702 A.
756 639 793 702 U.
811 643 847 703 C.
872 661 947 722 700.

116 761 251 825 Sextium
269 760 437 834 otfortiter
452 765 589 841 exfiliom
602 763 684 828 ferat
699 769 853 841 hortatur,
877 772 963 853 eique
971 773 1028 847 sua
1043 772 1145 848 officia

155 871 315 948 promittit.
1046 879 1048 882 ’

171 1035 223 1100 Μ.
238 1026 513 1099 Τ.ὈΙΟΕΒΟ
542 1029 592 1098 S.
613 1029 665 1097 D.
687 1030 724 1097 P.
744 1028 978 1110 SEXTIO‚
998 1031 1035 1102 Ρ.
1050 1037 1086 1104 F.

218 1165 296 1234 Non
318 1167 489 1233 oblivione
513 1170 681 1232 amicitiae
707 1168 860 1243 nostrae,
904 1192 1012 1255 neque
1039 1181 1145 1242 inter·

114 1268 265 1337 miifione
281 1269 532 1334 consuetudinis
548 1289 660 1342 meae,
683 1265 910 1358 superioribus
932 1279 1141 1361 temporibus

109 1375 156 1438 'ad
177 1386 212 1437 te
234 1369 343 1436 nullas
367 1362 486 1434 literas
506 1370 593 1457 mifi;
614 1370 671 1434 sed
693 1370 783 1454 quod
806 1374 919 1459 priora
934 1382 1087 1462 tempora
1105 1383 1143 1444 in

112 1478 221 1541 ruinis
242 1479 292 1538 rei
308 1471 481 1560 publicae,
507 1470 704 1557 ‚nostrisque
725 1476 920 1536 iacuerunt:
960 1474 1144 1563 posteriora

113 1588 224 1641 autem
238 1589 296 1640 'me
316 1592 334 1636 a
353 1572 550 1648 scribendo,
573 1579 640 1637 tuis
662 1569 873 1638 iniustissimis
889 1586 987 1657 atque
1004 1574 1143 1642 acerbis-

113 1676 203 1743 simis
220 1674 464 1748 incommodis,
485 1673 712 1738 retardarunt.
756 1671 869 1761 Quum
885 1696 966 1738 vero
984 1687 1017 1738 et
1038 1682 1144 1742 inter·

110 1778 236 1844 vallum
251 1779 318 1842 iam
341 1772 417 1840 satis
434 1774 576 1862 longum
598 1772 725 1847 fnisset,
746 1786 779 1838 et
795 1788 886 1840 tuam
903 1783 1063 1842 virtutem
1076 1783 1145 1846 ani'·

113 1886 227 1964 mique
251 1876 518 1966 magnitudinem
540 1873 735 1959 diligentius
758 1875 858 1940 essem
881 1899 1014 1941 mecum
1030 1899 1143 1944 recor·

112 1983 227 2046 tintus:
263 2002 333 2043 non
353 1983 467 2066 putati
490 1974 553 2042 eise
574 1975 719 2040 alienum
739 1977 899 2044 institutis
920 1986 1024 2055 meis,
1058 1978 1141 2047 haec

114 2083 154 2146 ad
175 2095 209 2146 te
234 2079 392 2144 scribere.
437 2078 508 2166 Ego
528 2090 580 2150 te,
598 2074 635 2140 P.
652 2075 767 2150 Sexti,
789 2093 823 2142 et
843 2084 963 2168 primis
985 2077 1144 2169 tempori-

110 2188 176 2247 bus
199 2181 283 2254 illis,
309 2183 430 2262 quibus
452 2185 488 2244 in
509 2178 669 2244 invidiam
683 2177 818 2253 absens,
843 2194 876 2244 et
892 2186 927 2244 in
943 2187 1074 2246 crimen
1087 2205 1143 2249 vo·

113 2286 252 2356 cibare,
278 2281 431 2363 deiendi5
463 2291 516 2355 et,
539 2296 642 2365 quum
666 2285 700 2343 in
726 2284 779 2343 tni'
799 2280 1036 2346 familiarisfimi
1057 2283 1143 2348 iudi·

112 2390 164 2449 cio
184 2405 221 2446 ac
239 2381 393 2471 periculo
415 2390 511 2446 tuum
534 2387 813 2468 coniungantur,
834 2394 873 2446 ut
894 2389 991 2469 potui
1010 2404 1142 2448 accura·
1193 2450 1199 2462 .

110 2481 231 2549 tissime
253 2496 288 2548 tc
310 2496 471 2566 tuamque
493 2481 621 2548 causam
643 2493 772 2553 tutatus
793 2480 862 2546 sum
874 2506 883 2565 3
911 2494 947 2545 et
965 2487 1141 2570 proxime,

111 2588 243 2648 recenti
266 2584 413 2649 adventu
434 2605 529 2658 meo,
551 2602 656 2669 quum
676 2604 749 2646 rem
769 2582 865 2647 aliter
884 2580 1072 2649 institutam
1093 2585 1141 2651 of·

203 2822 247 2886 ist.
271 2821 436 2888 CLXXVI.
492 2817 596 2881 Sextio
652 2822 741 2883 huius
768 2823 863 2882 Sextii
891 2820 924 2883 P.
948 2822 981 2884 F.
1003 2826 1142 2889 mentio.

170 2848 268 2993 ditio]
310 2930 376 2969 non
404 2907 448 2967 ilii
470 2906 596 2981 Sextio,
651 2908 736 2992 Ergo
751 2928 799 2967 rca
821 2905 864 2966 est
879 2909 1007 2967 incertas

110 3015 171 3075 pro
208 3016 273 3074 quo
310 2995 467 3052 Ciceronis
503 2991 597 3052 exstat
696 3014 730 3050 ac
753 2994 883 3059 periculo
907 2990 1011 3075 tuum]
1033 2991 1140 3076 Vulgo

110 3083 233 3151 oratio,
255 3098 326 3136 narn
349 3075 398 3135 hic
412 3078 497 3135 Lucii
518 3075 597 3139 filius
655 3077 830 3138 addebatur
865 3079 999 3148 oroneo,
1051 3079 1141 3158 quod

109 3178 194 3238 erat3
235 3160 288 3221 fed
311 3166 376 3220 eiua
403 3176 538 3242 cognato
567 3177 599 3222 et
655 3161 846 3232 Gulielmua‚
864 3161 1069 3233 Gebhardut,
1086 3164 1142 3222 Er·

108 3248 261 3316 familiari,
277 3265 370 3325 quom
379 3244 503 3328 Pighius
512 3250 547 3306 A.
556 3247 596 3308 U.
651 3245 763 3308 nel'tiut
797 3265 817 3306 o
853 3243 1021 3327 gloffotore
1056 3248 1140 3308 adic-

111 3334 181 3413 695.
205 3328 420 3413 quaestorem,
440 3345 471 3390 et
486 3328 598 3412 posteo
652 3347 735 3393 ctum
754 3329 980 3392 intellexerunt.

109 3417 241 3485 aedilem
258 3411 467 3477 censetfuiffe.
693 3418 804 3475 recenti
820 3419 949 3475 adventu
969 3410 1058 3498 meo]
1087 3418 1142 3477 Vi·

150 3505 180 3560 in
207 3504 301 3560 ruinis
328 3503 450 3574 reipubl.
477 3499 596 3575 nostris·
653 3499 745 3561 detur
787 3504 921 3561 reditum
963 3501 1002 3561 ob
1035 3497 1140 3563 exfilio

132 3581 189 3668 ue]
210 3585 326 3648 Pisonis
342 3603 374 3645 et
383 3585 507 3646 Gabinii
525 3602 598 3652 con·
652 3575 829 3668 significare.
881 3589 935 3645 Sin
962 3584 1141 3646 redituma

107 3608 254 3742 fulcrum,
288 3669 440 3751 suumque
461 3656 598 3729 edilium
654 3670 760 3732 Cilicia
780 3676 889 3732 innuat
906 3666 1036 3747 epistola
1055 3690 1140 3734 anno

106 3751 262 3839 fignificat.
653 3752 1141 3838 704.alligondaesset.Manurio
1209 3827 1211 3832 ,

150 3841 195 3896 rui
210 3830 466 3920 familioriffimi]
486 3840 536 3898 An
558 3833 597 3916 fif
652 3855 756 3900 autem
778 3839 941 3921 placebat,
978 3860 1047 3899 eam
1069 3836 1142 3920 post

106 3922 486 4006 gnificaturP.SextiuaL.
504 3921 595 3995 filius,
649 3926 784 3985 reditum
806 3928 964 3986 Ciceronis
987 3944 1005 3984 e
1032 3942 1142 4009 pugna

104 4027 250 4089 proquo
270 4005 364 4066 exstit
379 4007 502 4066 oratio?
533 4009 595 4066 Ve-
649 4002 826 4072 Pharsalica.
840 4007 993 4092 scriptam.

104 4113 184 4161 rum,
201 4096 236 4154 in
258 4088 319 4159 hac
339 4096 492 4153 oratione.
507 4090 610 4158 nulla.

112 2791 177 2902 fn

110 2904 145 2970 r.
