2580 4792
150 329 216 395 διο
428 303 715 375 EPISTOLA
760 306 914 377 CLIX

154 501 482 578 nntsnouu
524 501 663 573 cmx.
710 497 855 600 (adq
877 499 952 577 Fr.
972 509 1060 579 111.
1095 512 1166 607 9.)

296 670 361 730 Ser.
376 664 780 728 RomoeinitioDecembr.
795 668 831 729 Α.
847 667 887 732 U.
908 668 944 732 C.
968 671 1049 756 699.

158 817 209 884 De
227 818 353 879 Gabinio
376 838 395 876 a
412 818 446 893 se
463 838 520 876 non
541 815 669 892 defenso.
696 838 722 880 1.
763 824 801 878 de
816 815 947 881 Milonis
964 828 996 886 in
1021 829 1108 887 ludis
1128 831 1210 908 insti.

152 946 157 953 ·
197 924 313 982 tuendis
331 918 511 996 profusione.
536 941 565 980 n.
609 924 646 980 do
665 922 790 979 motibus·
815 925 962 984 uenientis
981 932 1061 988 anni
1086 945 1121 1006 3.
1168 938 1207 993 de

198 1024 354 1099 mancipiis
369 1045 388 1080 u
404 1025 516 1105 Quinto
526 1024 585 1098 sibi
598 1025 729 1080 emendis
749 1035 778 1102 4.
821 1027 858 1082 de
874 1030 1005 1102 epistola
1027 1026 1154 1093 Vatinii
1178 1048 1207 1110 5.

195 1130 234 1186 de
243 1116 381 1203 poem⁸ute
393 1128 434 1183 ud
445 1120 600 1200 Caesarem
615 1125 744 1199 absoluto
763 1125 796 1186 6.
830 1128 868 1182 de
875 1126 987 1210 Quinti
1000 1130 1161 1204 aedeficiis
1178 1154 1205 1219 7.

152 1260 157 1269 ·
198 1235 236 1292 de
252 1225 357 1290 Felicis
381 1229 563 1306 testamento.
584 1237 615 1299 8.
658 1229 696 1286 de
713 1226 819 1309 Quinti
835 1223 909 1298 silio
931 1248 962 1310 9.
986 1270 989 1275 -

323 1404 563 1475 MARCUS
613 1404 667 1501 Q.
712 1405 932 1476 FRATRI
975 1408 1018 1478 S.

262 1563 318 1628 De
339 1561 483 1627 Gabinio
508 1556 593 1626 nihil
618 1558 683 1628 fuit
703 1560 894 1626 faciendum
919 1561 1092 1640 istorum,
1117 1589 1200 1650 quae

152 1662 369 1731 ¹amantissimo
387 1667 535 1751 cogitata
553 1660 639 1726 sunt.
684 1660 756 1730 τότε
778 1689 829 1745 μοι
851 1657 957 1747 χάνοι.
1007 1664 1094 1732 Feci
1119 1668 1200 1735 sum·

153 1788 209 1831 mn
230 1788 308 1831 cum
327 1768 510 1854 gravitate,
532 1775 570 1828 ut
585 1784 705 1827 omnes
729 1760 893 1839 sentiunt,
913 1778 946 1831 et
964 1765 1198 1838 summanum

150 1867 309 1943 lenitate,
341 1887 425 1950 qnae
450 1866 528 1931 leci.
570 1863 669 1928 lllum
693 1886 801 1947 neque
827 1862 912 1949 ursi,
932 1890 1048 1952 neque
1074 1869 1196 1939 levavi.

152 1967 266 2037 Testis
287 1967 471 2036 vehemens
495 1967 563 2032 fui:
586 1979 762 2053 praeterea
776 1969 896 2047 quievi.
940 1968 1088 2035 Exitum
1114 1975 1197 2041 iudi·

153 2075 196 2136 cii
216 2071 372 2145 foedum,
394 2081 429 2135 et
449 2065 675 2157 perniciosum
694 2064 852 2131 leviifime
874 2067 947 2133 tuli.
992 2069 1106 2162 Quod
1129 2080 1196 2159 qui

154 2170 233 2239 clem
247 2173 374 2236 bonum
389 2169 471 2235 mihi
486 2191 576 2234 nunc
592 2168 735 2250 denique
752 2168 937 2245 redundat,
958 2183 998 2235 ut
1018 2170 1076 2239 his
1096 2176 1193 2242 malis

152 2280 203 2341 rei
218 2271 373 2363 publicae
386 2269 590 2354 licentiaque
602 2268 788 2344 audacium,
810 2290 873 2352 qua
892 2281 970 2338 ante
988 2280 1193 2363 rumpebat,

150 2396 242 2442 nunc
261 2396 303 2437 ne
319 2393 456 2440 movear
471 2371 619 2454 quidem.
664 2367 758 2435 Nihil
772 2367 817 2435 est
837 2375 927 2436 enim
942 2373 1119 2460 perditius
1139 2375 1191 2443 his

148 2473 364 2547 hominibus,
400 2473 452 2538 his
483 2470 708 2560 temporibus.
763 2470 896 2555 ltaque,
919 2494 963 2539 ex
987 2496 1027 2538 re
1054 2477 1193 2566 publica

151 2581 306 2660 qnoniam
327 2572 409 2638 nihil
432 2579 497 2637 ium
511 2571 702 2663 ‚voluptatis
728 2578 800 2660 capi
822 2572 950 2660 potest:
982 2598 1047 2641 cur
1072 2579 1192 2651 itoma-

149 2673 249 2750 cher,
271 2673 393 2741 nescio.
437 2673 570 2739 Literae
585 2695 658 2748 me,
684 2687 717 2738 et
734 2675 838 2739 studia
852 2675 982 2749 nostra,
1004 2693 1042 2742 et
1060 2687 1192 2755 otium,

149 2775 311 2862 villaeque
332 2775 521 2850 delectant,
542 2781 756 2862 maximeque
776 2781 872 2864 pueri
891 2776 1008 2844 nostri.

527 2914 797 2932 ——fl—u-—t-

146 2973 364 3058 quiescendum
388 2991 487 3055 puto,
519 2980 561 3038 ite
590 2992 636 3036 te·
732 2973 825 3056 Epist.
854 2978 961 3042 CLIX.
1009 3001 1038 3046 1.
1061 2985 1102 3043 de
1130 2982 1188 3044 Ga·

145 3081 228 3131 men,
245 3068 380 3120 niverno
398 3066 444 3119 vel
457 3064 524 3138 quia
539 3064 633 3139 ungi.
689 3060 790 3144 binio]
822 3058 882 3125 scil.
906 3084 924 3125 a
948 3064 1113 3132 Cicerone
1137 3072 1191 3133 de·

138 3145 355 3222 stendelendn
378 3146 527 3206 censeam.
570 3150 633 3208 Ne·
687 3147 859 3207 lendendo.

145 3251 208 3311 que
228 3251 302 3290 vero
326 3229 383 3290 hou
405 3231 514 3301 ludos
551 3253 632 3313 quon
730 3255 797 3291 τοτε
816 3255 863 3305 μοι
887 3232 1048 3318 χάνοιᾙι.
1066 3259 1095 3302 e.
1121 3253 1189 3304 tunc

144 3330 180 3376 nt
206 3315 312 3375 aedilis
343 3321 459 3376 mortui
488 3317 576 3377 lieren
601 3333 632 3380 et
687 3319 760 3375 mihi
790 3319 828 3374 de
854 3321 946 3394 hiscat
983 3327 1051 3381 iata
1084 3336 1188 3403 terra,

142 3399 286 3484 magister
318 3397 495 3462 hereditatio
518 3402 630 3474 debet,
688 3421 783 3482 quum
821 3400 883 3464 hoc
920 3403 1036 3467 scilicet
1074 3404 1189 3496 flagitii

141 3484 267 3565 prorsus
311 3488 501 3546 omittendos
543 3485 631 3550 inille
687 3484 817 3547 commi
816 3508 881 3548 ero
918 3489 1083 3573 Integrum
1102 3517 1188 3561 emm

142 3569 254 3631 Cicero
276 3568 368 3642 dicit,
391 3569 444 3631 led
465 3576 576 3634 nimios
598 3578 630 3636 in
688 3567 730 3630 est
754 3569 974 3634 hemistichium
1006 3580 1098 3656 opud
1118 3585 1187 3646 Ho-

139 3656 175 3715 in
192 3651 328 3735 sumptus
345 3673 438 3737 neget
454 3656 519 3717 fieri
536 3657 631 3717 debe
685 3677 805 3717 merum
828 3657 863 3720 ll.
885 3671 917 3718 Δ.
944 3672 1012 3730 1352.
1043 3665 1115 3726 ein
1138 3693 1186 3743 μοι

139 3759 191 3812 ne,
225 3738 399 3820 quinMilo
423 3763 487 3803 non
507 3737 629 3821 ipefit
686 3737 825 3816 xuotw'
853 3744 982 3816 ῖιὸὴακθ
1029 3744 1161 3814 Manui.

139 3823 263 3894 aedilis,
303 3823 356 3883 sed
390 3842 509 3888 tontum
538 3823 626 3887 hereo
726 3766 982 3905 amussim·
934 3851 1029 3907 neque
1056 3837 1185 3924 levavi]

138 3912 217 3976 eins,
242 3911 342 3988 quiin
365 3911 522 3971 aedilitate
543 3930 627 3969 mor·
682 3929 788 3990 neque
809 3911 946 3976 accolavi
983 3936 1096 4004 neque
1130 3925 1186 3989 de.

136 4006 307 4063 euaserat,
325 3998 455 4078 eiusque
473 3993 628 4057 heredita·
682 3995 779 4060 feodi.

135 4081 173 4138 tit
199 4036 353 4162 mugiller.

50 4412 146 4512 ἱ
