2506 4808
356 289 641 360 EPISTOLA
694 293 846 361 cv111.
973 323 977 331 ·
1071 311 1112 383 81

81 497 154 549 tum
169 485 285 549 oneris
304 485 495 566 imponam,
516 478 645 567 (potest
663 487 752 547 enim
774 480 858 546 mihi
874 480 1039 570 denegare
1059 505 1114 548 oo·

81 591 216 672 cupario
240 592 320 666 tua)
344 582 466 646 deinde
489 589 607 657 etiam,
644 596 682 649 ut
706 605 807 651 ornes
832 605 903 656 me,
935 583 1111 670 postulem.

80 687 174 776 Quid
190 684 283 750 fittla
299 685 361 748 tibi
383 705 453 746 non
472 696 650 771 tantopere
667 685 825 751 videntur
840 681 1015 751 ornanda?
1040 684 1113 753 Sed

81 802 213 861 tamen,
247 793 303 870 qui
327 783 428 849 semel
453 786 675 851 verecundiae
700 783 784 851 fines
810 791 1001 862 transierit,
1034 803 1111 854 eum

79 894 168 957 bene
191 903 225 953 et
247 895 378 953 naviter
403 901 539 974 oportet
560 887 623 953 esse
651 888 897 975 impudentem.
939 890 1054 973 ltaque
1077 904 1112 961 te

80 993 183 1080 plane
212 997 312 1055 etiam
339 1003 437 1072 atque
468 995 568 1054 etiam
596 1012 701 1079 rogo,
733 1001 771 1055 ut
801 1010 903 1055 ornes
926 1013 984 1066 ea,
1015 991 1113 1058 vehe-

79 1099 230 1159 mentius
256 1096 374 1165 etiam,
405 1112 504 1174 quam
525 1091 660 1156 fortasse
682 1091 802 1164 sentis,
841 1103 876 1157 et
896 1098 933 1159 in
955 1115 997 1160 eo
1018 1095 1111 1184 leges

81 1196 239 1260 historiae
261 1194 426 1281 negligas:
455 1199 662 1280 gratiamque
687 1193 798 1266 illam,
820 1192 863 1259 de
888 1215 953 1276 qua
973 1195 1112 1264 suaviisi

79 1320 136 1363 me
158 1293 305 1381 quodam
324 1298 359 1358 in
374 1300 551 1380 prooemio
575 1293 742 1382 scripsisti,
764 1315 860 1377 aqua
880 1306 915 1358 te
931 1293 1020 1362 affici
1040 1322 1112 1371 non

79 1404 190 1486 magia
218 1393 358 1484 potuisse
389 1395 616 1470 demonstras,
654 1417 753 1480 quam
781 1394 967 1461 Herculem
991 1398 1112 1465 ateno-

78 1499 259 1588 phontium
281 1497 376 1562 illum
398 1516 416 1561 a
437 1496 624 1585 voluptate:
668 1495 689 1561 si
714 1519 768 1561 me
789 1500 851 1562 tibi
875 1496 1110 1568 vehementius

79 1600 350 1671 commendabit,
389 1619 433 1661 ne
459 1596 652 1685 aspernere3
684 1606 857 1684 amorique
879 1598 995 1666 nostro
1019 1602 1112 1689 plua-

81 1701 197 1764 culum
213 1705 334 1772 etiam,
356 1721 457 1781 quam
472 1699 631 1765 concedit
645 1707 786 1776 veritae,
806 1702 962 1790 largiare.
1006 1704 1111 1793 Quod
1139 1735 1142 1740 ¹

80 1801 156 1866 fite
172 1801 401 1872 adducemus,
420 1812 459 1862 ut
482 1798 548 1863 hoo
569 1799 747 1887 suscipias:
771 1808 854 1876 erit,
877 1815 915 1868 ut
933 1801 1016 1868 mihi
1035 1827 1124 1892 per·⁴

79 1905 219 1977 suadeo,
240 1909 397 1967 materies
414 1903 516 1990 digna
535 1901 713 1976 facultate,
731 1915 765 1967 et
783 1911 879 1991 copia
894 1917 962 1972 tua.

185 2005 219 2070 A
233 2009 400 2092 principio
417 2008 505 2067 enim
522 2008 764 2070 coniurationis
783 2026 890 2089 usque
904 2005 947 2072 ad
960 2005 1138 2074 reditum

79 2106 232 2172 nostrum
253 2105 386 2189 uidetur
407 2104 491 2169 mihi
511 2104 684 2169 modicum
701 2105 869 2188 quoddam
887 2129 1011 2196 corpus
1031 2131 1110 2174 con·

80 2207 137 2274 fici
154 2207 263 2296 posse:
280 2213 316 2269 in
332 2227 398 2290 quo
413 2218 448 2274 et
470 2206 527 2274 illa
541 2211 670 2297 poteris
687 2211 738 2273 uti
760 2207 909 2275 civilium
926 2223 1111 2276 commutat

460 2415 729 2436 -ι--υ-α-η-ι-υ-

123 2552 155 2598 ut
183 2563 267 2600 ornes
295 2565 329 2599 ea
350 2539 568 2622 uehementius]
667 2537 776 2625 affici]
817 2542 973 2605 Victorius
1008 2566 1025 2608 e
1052 2544 1112 2611 Ms.

79 2624 131 2687 Est
141 2633 171 2687 in
187 2626 230 2686 his
240 2629 338 2687 verbis
349 2630 568 2706 urbanaqntte·
626 2625 722 2685 edidit
731 2625 827 2694 flecti.
860 2628 1009 2690 Graevius
1025 2633 1112 2695 ent..

81 2711 153 2770 dam
198 2719 374 2772 extenuatio
413 2712 568 2794 dignitatis
624 2708 676 2770 suo
695 2711 822 2780 deflecti.
867 2711 964 2789 Afflcs
985 2713 1027 2775 est
1044 2737 1113 2779 mo.

79 2794 161 2855 suae.
205 2799 284 2854 Nam
311 2797 362 2856 tufi
387 2799 498 2856 Cicero
523 2799 569 2855 ni·
625 2800 707 2867 veri,
740 2811 774 2855 ut
803 2794 901 2877 saepe.
962 2795 1055 2858 Flecti
1082 2817 1114 2864 et

79 2887 288 2941 minueratin
307 2880 568 2962 'laudeappeten
625 2882 743 2949 deflent
772 2879 839 2940 sunt
858 2881 976 2964 glossae
999 2907 1034 2945 ex
1061 2887 1112 2949 illa

80 2967 139 3037 da,
176 2987 241 3026 non
274 2982 376 3028 tannen
399 2969 480 3027 adeo
503 2970 568 3026 ine·
624 2964 728 3027 sabula
748 2962 895 3045 sumptae.
926 2971 965 3030 Et
983 2973 1114 3034 deberet

79 3068 170 3128 ptus,
204 3067 238 3109 ut
249 3053 410 3112 Lucceium
424 3049 569 3112 historiae
624 3046 969 3120 essedeflectideviw
987 3051 1115 3132 Ernesti.

80 3134 260 3214 scriptorem
302 3141 364 3196 veri
407 3133 569 3198 emantiffi·
668 3135 828 3218 eorzcedat]
860 3139 909 3198 Sic
932 3160 991 3218 pro
1014 3154 1113 3200 tonce-

81 3243 165 3280 mum
183 3217 233 3280 sibi
253 3221 450 3298 persuaderet
472 3221 568 3282 addu·
626 3224 677 3277 det
700 3219 819 3300 semper
849 3229 955 3302 putavi
984 3224 1116 3288 scribon·

83 3311 109 3364 εἰ
123 3302 227 3384 posse,
253 3323 285 3366 ut
307 3306 424 3364 suarum
440 3306 570 3366 laudum
628 3306 711 3364 dum.
756 3308 806 3365 Sic
825 3313 928 3385 reperi
950 3311 1063 3371 deinde
1082 3316 1116 3373 in

82 3389 171 3450 causa
198 3395 282 3471 leges
303 3389 446 3449 historiae
473 3390 570 3473 negli·
627 3392 687 3451 Ms.
699 3431 709 3462 ,
729 3411 801 3450 tneo
822 3407 852 3452 et
866 3394 915 3453 ed.
930 3395 1018 3454 Med.
1041 3398 1116 3456 Sue·

105 3493 177 3535 eret.
222 3477 322 3535 lmmo
364 3480 469 3560 potius
506 3472 571 3553 ipse
627 3497 669 3554 pe
691 3479 723 3534 in
744 3473 805 3535 hoc
828 3481 1024 3540 coniunctivo
1042 3478 1117 3540 hae·

80 3497 136 3619 sbi
152 3559 357 3639 persuaserat,
380 3581 428 3619 rer
446 3582 460 3621 a
480 3558 508 3619 se
520 3580 573 3642 ge·
600 3560 603 3566 ‘
626 3559 693 3620 sere
708 3559 823 3621 librarii
843 3578 874 3621 et
890 3564 1034 3627 editores.
1058 3565 1115 3627 Ed.

81 3641 139 3704 s'tnr
171 3644 232 3724 ipsa
263 3646 475 3728 magnitudine
503 3643 590 3705 sutia'
628 3645 721 3705 Rom.
757 3648 845 3726 1469.
879 3665 968 3725 147¹·
999 3647 1116 3711 habent

82 3731 312 3807 comntendnri;
355 3745 390 3790 ut
413 3730 502 3810 quod
524 3727 573 3788 hic
628 3731 770 3810 eoncedit.
800 3767 839 3780 .-
886 3726 1011 3807 Ernesti.

81 3815 122 3875 ab
142 3817 274 3875 Lucceio
298 3820 392 3895 petit,
411 3811 572 3876 modestae
672 3825 704 3871 ut
724 3817 796 3873 misti
808 3816 995 3899 persuadeo]
1020 3818 1116 3879 Erue·

81 3907 188 3980 potius
230 3906 411 3960 meritorum
446 3897 571 3959 suorum
628 3897 884 3981 iitusrectepost
899 3902 1065 3962 Graevium
1085 3915 1117 3962 ut

83 3984 311 4045 dissimulationi
340 4006 434 4066 quam
462 3981 572 4047 stultae
629 3985 765 4054 addidit,
800 3985 886 4066 quod
910 3980 1028 4048 eratin
1053 3993 1117 4050 eiua

82 4074 208 4130 vanitati
232 4071 429 4130 tribuendum
446 4065 491 4130 stt.
625 4071 689 4130 Mt.
704 4087 735 4131 et
752 4070 855 4132 Guess.
871 4085 902 4132 et
915 4076 948 4133 in
962 4073 1011 4136 ed.
1022 4074 1118 4138 Rom.
