2506 4808
175 315 219 380 30
452 298 739 370 uuisioni
790 302 923 371 xcn.

176 487 366 556 confitere.
408 488 459 552 Ita
480 511 561 576 ego,
581 494 637 572 qui
662 511 716 552 me
728 487 866 564 ostreis,
887 505 920 556 et
938 499 1112 560 muraenis
1136 497 1215 564 saci·

175 593 210 659 le
226 591 449 669 abstinebam3
470 612 489 653 a
511 594 588 653 beta
609 603 677 653 eta
695 590 801 655 malva
813 592 978 681 deceptus
995 593 1078 660 sum.
1123 595 1216 663 Post·

175 691 241 758 hac
252 699 356 782 igitur
372 698 497 756 erimus
514 695 696 756 cautiores.
739 691 799 757 Tu
813 707 926 758 tamen
942 718 1047 778 quum
1063 698 1211 765 audisses

176 798 219 860 ab
232 793 359 860 Anicio
380 793 479 876 (vidit
494 797 585 855 enim
602 813 656 855 me
674 792 901 877 nauseantem)
922 819 992 861 non
1014 801 1121 865 modo
1140 807 1216 867 mit·

176 896 272 962 tendi
293 895 421 960 causam
442 893 560 958 iustam
584 891 743 966 habuisti,
766 894 821 958 sed
841 902 941 960 etiam
955 899 1094 964 visendi.
1141 903 1213 991 Ego

174 995 232 1064 hic
257 1020 366 1086 cogor
386 998 610 1065 commorari,
645 994 753 1076 quoad
780 1018 835 1060 me
859 995 1018 1062 reficiam.
1062 1000 1154 1065 Nam
1179 1015 1214 1067 ot

177 1105 286 1172 vires,
316 1111 352 1163 et
375 1117 498 1184 corpus
519 1091 619 1158 amisi.
662 1089 757 1167 Sed,
793 1094 815 1160 fi
839 1101 999 1164 morbum
1021 1100 1213 1190 depuluo,

177 1199 295 1275 tacite,
316 1213 355 1264 ut
369 1197 485 1288 spero,
505 1196 563 1262 illa
580 1197 758 1261 revocabo.

275 1404 555 1478 EPISTOLA
589 1403 715 1473 xc11.
763 1398 838 1490 (ad
864 1402 961 1477 Div.
991 1412 1025 1483 Ι.
1055 1410 1113 1501 ι.)

382 1571 504 1650 Scripta
525 1568 563 1628 Α.
579 1566 619 1626 U.
645 1566 681 1626 C.
709 1567 780 1647 697.
806 1568 886 1632 ldib.
909 1571 999 1636 Febr.

176 1703 243 1771 Cn·
262 1699 423 1768 Cornelio
448 1696 594 1764 Lentulo
614 1696 815 1847 Mgrcffefflno
838 1700 878 1765 L.
894 1701 1027 1768 biarcio
1047 1701 1210 1797 Philippo

674 1804 695 1845 ο
723 1827 731 1843 .

179 1940 297 2003 Narrat
315 1939 390 2023 quid
408 1957 495 2016 usque
515 1940 555 1994 ad
574 1931 644 1994 sdus
659 1931 741 1998 Febr.
764 1946 862 1994 aetum
876 1938 922 2014 fit
936 1939 966 1995 in
981 1941 1065 2017 causa
1079 1944 1118 2001 de
1135 1939 1211 2003 Pto·

217 2049 331 2105 semaco
359 2062 431 2118 rege
454 2042 484 2095 in
505 2034 675 2115 Aegyptum
697 2041 862 2096 reducendo
888 2061 913 2099 1.
958 2045 1088 2118 diversas
1112 2049 1151 2102 de
1174 2069 1214 2106 ea

217 2168 250 2204 re
265 2146 439 2221 senatorum
458 2143 620 2218 sententias
641 2142 769 2216 recenset
791 2160 818 2200 a.
857 2144 894 2219 se
907 2164 964 2198 non
980 2154 1096 2200 tantum
1117 2166 1210 2222 quan·

218 2257 281 2304 tum
307 2241 427 2302 Lentuli
450 2242 536 2317 causa
557 2244 673 2317 cupiat,
717 2243 896 2300 auctoritate
921 2253 952 2301 et
977 2249 1079 2323 gratia
1106 2250 1211 2308 ualere

175 2414 179 2419 .
208 2345 364 2426 fiunfficat
382 2361 415 2424 5·

58 2492 63 2498 ”
173 2524 1208 2602 M.T.CICEROP.LENTULOPttocos.S.D.

273 2683 346 2770 Ego
368 2683 462 2741 omni
483 2675 621 2754 officio,
646 2701 683 2744 ac
701 2686 815 2767 potius
836 2685 960 2767 pietate
978 2701 1055 2768 erga
1074 2693 1130 2758 te,
1152 2708 1210 2750 ce·

173 2789 257 2851 teris
283 2781 446 2846 satisfacio
460 2782 635 2844 omnibus:
658 2778 811 2867 mihiipsi
828 2803 1009 2864 numquam
1025 2781 1206 2855 satisfacio.

171 2882 287 2949 Tanta
309 2886 400 2945 enim
424 2881 623 2965 magnitudo
650 2882 696 2945 est
720 2895 858 2945 tuorum
881 2904 960 2969 erga
986 2908 1040 2948 me
1062 2895 1208 2956 merito·

171 3005 266 3057 rum,
294 2995 350 3057 ut,
376 2986 536 3066 quoniam
557 2995 613 3058 tu,
647 2981 705 3047 nifi
727 2981 881 3070 perfecta
904 3006 941 3047 re
965 2985 1007 3048 de
1028 3007 1100 3061 me,
1129 3013 1205 3058 non

549 3138 821 3156 u—--fl—U—

169 3223 656 3305 propriummideaturestexodd.
756 3232 787 3279 ut
801 3222 964 3306 quoniam]
986 3227 1037 3286 sic
1050 3228 1206 3314 Martyni.

108 3332 111 3337 ’
168 3310 250 3371 Vict.
273 3310 307 3369 P.
328 3312 479 3374 Munatii:
501 3314 599 3393 idque
625 3325 657 3369 ot
713 3309 841 3390 Lugunn
863 3324 898 3368 ut
912 3308 953 3368 esi
967 3314 999 3368 in
1016 3314 1077 3372 Ms.
1093 3314 1206 3380 Guels.

167 3390 264 3457 habet
283 3395 339 3457 ΜΓ.
362 3399 422 3456 Gu.
445 3419 469 3458 1.
493 3397 582 3478 quod
605 3394 657 3454 aiii
712 3392 818 3474 Vulgo
833 3404 866 3450 ut
889 3395 956 3469 qui;
979 3395 1150 3472 Graevius,
1171 3415 1207 3462 ue

167 3478 350 3552 deseruere,
387 3498 517 3562 recepto
554 3477 655 3560 prisco
712 3479 803 3558 quia,
823 3479 912 3556 quod
932 3479 1048 3538 Ernesti
1070 3492 1180 3547 tenuit.

167 3568 291 3640 videar,
320 3567 409 3648 quod
442 3571 474 3627 in
493 3561 564 3626 ΜΠ,
595 3560 656 3637 est,
752 3559 887 3637 perfecta
917 3586 950 3621 re
976 3568 1012 3621 de
1033 3588 1099 3638 me,
1142 3593 1204 3631 mm

167 3646 326 3733 habetque
341 3667 373 3711 et
387 3673 491 3722 mous,
514 3647 656 3709 etGua.
713 3646 894 3730 conquiesti]
928 3649 1018 3709 Hanc
1041 3657 1204 3733 interpun-

166 3738 307 3818 itemquo
340 3737 413 3798 odd.
444 3755 493 3815 pr.
534 3752 653 3794 omnes.
710 3739 847 3793 ctionem
881 3739 1011 3811 praeivit
1041 3738 1204 3822 Martyni.

168 3815 296 3898 Ernesti.
543 3842 554 3856 *
711 3817 838 3900 Laguna
847 3857 857 3887 ‚
873 3815 944 3877 sono
956 3818 1118 3881 meliorum
1135 3832 1204 3888 vul.

210 3904 302 3987 Epist.
311 3904 409 3966 XCII.
454 3903 655 3988 1.mihi1'ps1]
712 3920 803 3986 gnta,
835 3900 970 3976 perfecta
998 3927 1047 3979 re,
1085 3911 1123 3967 de
1152 3933 1203 3972 me

166 3989 266 4052 Recte
293 3987 334 4050 fic
360 3984 487 4050 Ernesti.
548 3990 655 4075 ‚Vulgo
713 4009 772 4051 uon
788 3989 960 4069 conquiesti.

167 4079 242 4138 miti
257 4075 327 4152 ipse.
846 4072 849 4079 ’
