<?xml version="1.0" encoding="UTF-8"?>
<!DOCTYPE html PUBLIC "-//W3C//DTD XHTML 1.0 Transitional//EN"
    "http://www.w3.org/TR/xhtml1/DTD/xhtml1-transitional.dtd">
<html xmlns="http://www.w3.org/1999/xhtml" xml:lang="en" lang="en">
 <head>
  <title>
</title>
<meta http-equiv="Content-Type" content="text/html;charset=utf-8" />
  <meta name='ocr-system' content='tesseract 3.04.00' />
  <meta name='ocr-capabilities' content='ocr_page ocr_carea ocr_par ocr_line ocrx_word'/>
</head>
<body>
  <div class='ocr_page' id='page_1' title='image "./mtciceronisepis00billgoog/mtciceronisepis00billgoog_0149.png"; bbox 0 0 2506 4808; ppageno 0'>
   <div class='ocr_carea' id='block_1_1' title="bbox 97 295 172 373">
    <p class='ocr_par' dir='ltr' id='par_1_1' title="bbox 97 295 172 373">
     <span class='ocr_line' id='line_1_1' title="bbox 97 295 172 373; baseline -0.013 -11"><span class='ocrx_word' id='word_1_1' title='bbox 97 295 172 373; x_wconf 74' lang='lat'>136·</span> 
     </span>
    </p>
   </div>
   <div class='ocr_carea' id='block_1_2' title="bbox 372 278 949 353">
    <p class='ocr_par' dir='ltr' id='par_1_2' title="bbox 372 278 949 353">
     <span class='ocr_line' id='line_1_2' title="bbox 372 278 949 353; baseline 0.003 -2"><span class='ocrx_word' id='word_1_2' title='bbox 372 279 657 351; x_wconf 82' lang='lat' dir='ltr'><strong>EPISTOLA</strong></span> <span class='ocrx_word' id='word_1_3' title='bbox 700 278 857 349; x_wconf 85' lang='lat' dir='ltr'><strong>XXVI.</strong></span> <span class='ocrx_word' id='word_1_4' title='bbox 939 332 949 353; x_wconf 85' lang='lat'><strong>.</strong></span> 
     </span>
    </p>
   </div>
   <div class='ocr_carea' id='block_1_3' title="bbox 53 469 1029 1269">
    <p class='ocr_par' dir='ltr' id='par_1_3' title="bbox 53 469 1029 854">
     <span class='ocr_line' id='line_1_3' title="bbox 53 469 1029 560; baseline -0.007 -17"><span class='ocrx_word' id='word_1_5' title='bbox 53 499 72 560; x_wconf 79' lang='lat'><strong>9</strong></span> <span class='ocrx_word' id='word_1_6' title='bbox 123 514 126 519; x_wconf 95' lang='lat'>·</span> <span class='ocrx_word' id='word_1_7' title='bbox 184 470 366 542; x_wconf 80' lang='lat' dir='ltr'>Amalthea</span> <span class='ocrx_word' id='word_1_8' title='bbox 381 493 457 539; x_wconf 82' lang='lat' dir='ltr'>mee</span> <span class='ocrx_word' id='word_1_9' title='bbox 473 483 507 535; x_wconf 89' lang='lat' dir='ltr'>te</span> <span class='ocrx_word' id='word_1_10' title='bbox 523 480 698 556; x_wconf 81' lang='lat' dir='ltr'>expectat,</span> <span class='ocrx_word' id='word_1_11' title='bbox 717 482 752 534; x_wconf 87' lang='lat' dir='ltr'>et</span> <span class='ocrx_word' id='word_1_12' title='bbox 767 469 898 557; x_wconf 82' lang='lat' dir='ltr'>indiget</span> <span class='ocrx_word' id='word_1_13' title='bbox 913 476 975 537; x_wconf 90' lang='lat' dir='ltr'>tui.</span> <span class='ocrx_word' id='word_1_14' title='bbox 1002 470 1029 540; x_wconf 86' lang='grc' dir='ltr'>’Ὶ</span> 
     </span>
     <span class='ocr_line' id='line_1_4' title="bbox 100 570 1025 662; baseline -0.006 -16"><span class='ocrx_word' id='word_1_15' title='bbox 100 580 272 646; x_wconf 86' lang='lat' dir='ltr'>lanum-et</span> <span class='ocrx_word' id='word_1_16' title='bbox 291 575 529 662; x_wconf 87' lang='lat' dir='ltr'>Pompeianum</span> <span class='ocrx_word' id='word_1_17' title='bbox 551 571 646 639; x_wconf 81' lang='lat' dir='ltr'>valde</span> <span class='ocrx_word' id='word_1_18' title='bbox 670 592 725 635; x_wconf 89' lang='lat' dir='ltr'>me</span> <span class='ocrx_word' id='word_1_19' title='bbox 749 570 935 654; x_wconf 87' lang='lat' dir='ltr'>delectant;</span> <span class='ocrx_word' id='word_1_20' title='bbox 966 573 1025 640; x_wconf 87' lang='lat' dir='ltr'>nili</span> 
     </span>
     <span class='ocr_line' id='line_1_5' title="bbox 102 671 1029 766; baseline -0.004 -20"><span class='ocrx_word' id='word_1_21' title='bbox 102 703 174 754; x_wconf 83' lang='lat' dir='ltr'>nte,</span> <span class='ocrx_word' id='word_1_22' title='bbox 194 678 290 745; x_wconf 85' lang='lat' dir='ltr'>illum</span> <span class='ocrx_word' id='word_1_23' title='bbox 312 677 420 766; x_wconf 86' lang='lat' dir='ltr'>ipsum</span> <span class='ocrx_word' id='word_1_24' title='bbox 440 677 611 743; x_wconf 84' lang='lat' dir='ltr'>vindicent</span> <span class='ocrx_word' id='word_1_25' title='bbox 636 678 721 738; x_wconf 84' lang='lat' dir='ltr'>acris</span> <span class='ocrx_word' id='word_1_26' title='bbox 745 671 861 746; x_wconf 83' lang='lat' dir='ltr'>alieni,</span> <span class='ocrx_word' id='word_1_27' title='bbox 886 695 965 740; x_wconf 86' lang='lat' dir='ltr'>aere</span> <span class='ocrx_word' id='word_1_28' title='bbox 987 698 1029 743; x_wconf 86' lang='lat' dir='ltr'>no</span> 
     </span>
     <span class='ocr_line' id='line_1_6' title="bbox 95 776 927 854; baseline -0.007 -10"><span class='ocrx_word' id='word_1_29' title='bbox 95 781 249 854; x_wconf 81' lang='lat' dir='ltr'>:rinthio,</span> <span class='ocrx_word' id='word_1_30' title='bbox 271 779 327 844; x_wconf 84' lang='lat' dir='ltr'>le&#39;d</span> <span class='ocrx_word' id='word_1_31' title='bbox 352 776 708 842; x_wconf 78' lang='lat' dir='ltr'>hoc&#39;circuntforaueo</span> <span class='ocrx_word' id='word_1_32' title='bbox 730 777 927 840; x_wconf 86' lang='lat' dir='ltr'>obruerunt.</span> 
     </span>
    </p>

    <p class='ocr_par' dir='ltr' id='par_1_4' title="bbox 57 875 757 967">
     <span class='ocr_line' id='line_1_7' title="bbox 57 875 757 967; baseline -0.013 -21"><span class='ocrx_word' id='word_1_33' title='bbox 57 906 92 946; x_wconf 90' lang='grc' dir='ltr'>ιο</span> <span class='ocrx_word' id='word_1_34' title='bbox 186 883 226 947; x_wconf 93' lang='lat' dir='ltr'>In</span> <span class='ocrx_word' id='word_1_35' title='bbox 241 879 351 946; x_wconf 79' lang='lat' dir='ltr'>Gallia</span> <span class='ocrx_word' id='word_1_36' title='bbox 367 878 538 967; x_wconf 78' lang='lat' dir='ltr'>speramus</span> <span class='ocrx_word' id='word_1_37' title='bbox 557 875 620 941; x_wconf 82' lang='lat' dir='ltr'>esic</span> <span class='ocrx_word' id='word_1_38' title='bbox 639 881 757 940; x_wconf 88' lang='lat' dir='ltr'>otium.</span> 
     </span>
    </p>

    <p class='ocr_par' dir='ltr' id='par_1_5' title="bbox 57 977 1029 1269">
     <span class='ocr_line' id='line_1_8' title="bbox 57 977 1029 1071; baseline -0.002 -23"><span class='ocrx_word' id='word_1_39' title='bbox 57 1007 87 1048; x_wconf 88' lang='grc' dir='ltr'>ιι</span> <span class='ocrx_word' id='word_1_40' title='bbox 125 1022 130 1030; x_wconf 91' lang='lat'><strong>·</strong></span> <span class='ocrx_word' id='word_1_41' title='bbox 182 979 407 1071; x_wconf 81' lang='lat' dir='ltr'>Prognostica</span> <span class='ocrx_word' id='word_1_42' title='bbox 429 1000 504 1044; x_wconf 82' lang='lat' dir='ltr'>meu</span> <span class='ocrx_word' id='word_1_43' title='bbox 525 998 603 1044; x_wconf 84' lang='lat' dir='ltr'>cunt</span> <span class='ocrx_word' id='word_1_44' title='bbox 625 977 848 1044; x_wconf 84' lang='lat' dir='ltr'>oratiunculis</span> <span class='ocrx_word' id='word_1_45' title='bbox 868 980 1029 1067; x_wconf 85' lang='lat' dir='ltr'>propedie</span> 
     </span>
     <span class='ocr_line' id='line_1_9' title="bbox 105 1079 1024 1174; baseline -0.007 -22"><span class='ocrx_word' id='word_1_46' title='bbox 105 1085 228 1174; x_wconf 84' lang='lat' dir='ltr'>specta.</span> <span class='ocrx_word' id='word_1_47' title='bbox 271 1083 315 1146; x_wconf 84' lang='lat' dir='ltr'>Et</span> <span class='ocrx_word' id='word_1_48' title='bbox 336 1092 472 1153; x_wconf 83' lang='lat' dir='ltr'>tamen,</span> <span class='ocrx_word' id='word_1_49' title='bbox 493 1079 574 1161; x_wconf 86' lang='lat' dir='ltr'>quid</span> <span class='ocrx_word' id='word_1_50' title='bbox 588 1084 718 1165; x_wconf 84' lang='lat' dir='ltr'>cogites</span> <span class='ocrx_word' id='word_1_51' title='bbox 735 1079 777 1142; x_wconf 90' lang='lat' dir='ltr'>de</span> <span class='ocrx_word' id='word_1_52' title='bbox 794 1081 941 1147; x_wconf 85' lang='lat' dir='ltr'>adventu</span> <span class='ocrx_word' id='word_1_53' title='bbox 962 1095 1024 1147; x_wconf 87' lang='lat' dir='ltr'>tuo</span> 
     </span>
     <span class='ocr_line' id='line_1_10' title="bbox 105 1179 1029 1269; baseline -0.006 -16"><span class='ocrx_word' id='word_1_54' title='bbox 105 1193 148 1253; x_wconf 88' lang='lat' dir='ltr'>be</span> <span class='ocrx_word' id='word_1_55' title='bbox 171 1187 213 1252; x_wconf 83' lang='lat' dir='ltr'>ati</span> <span class='ocrx_word' id='word_1_56' title='bbox 235 1207 312 1252; x_wconf 84' lang='lat' dir='ltr'>nos.</span> <span class='ocrx_word' id='word_1_57' title='bbox 355 1179 444 1247; x_wconf 86' lang='lat' dir='ltr'>Nam</span> <span class='ocrx_word' id='word_1_58' title='bbox 471 1179 555 1246; x_wconf 89' lang='lat' dir='ltr'>mihi</span> <span class='ocrx_word' id='word_1_59' title='bbox 578 1179 766 1269; x_wconf 83' lang='lat' dir='ltr'>Pomponia</span> <span class='ocrx_word' id='word_1_60' title='bbox 789 1187 938 1248; x_wconf 84' lang='lat' dir='ltr'>nuntiari</span> <span class='ocrx_word' id='word_1_61' title='bbox 963 1182 1029 1249; x_wconf 79' lang='lat' dir='ltr'>iusi</span> 
     </span>
    </p>
   </div>
   <div class='ocr_carea' id='block_1_4' title="bbox 69 1486 601 3271">
    <p class='ocr_par' dir='ltr' id='par_1_6' title="bbox 105 1486 595 1825">
     <span class='ocr_line' id='line_1_11' title="bbox 146 1486 595 1574; baseline 0.007 -25"><span class='ocrx_word' id='word_1_62' title='bbox 146 1510 177 1574; x_wconf 85' lang='lat'>9.</span> <span class='ocrx_word' id='word_1_63' title='bbox 187 1486 433 1574; x_wconf 75' lang='lat' dir='ltr'>Arnelthaumea]</span> <span class='ocrx_word' id='word_1_64' title='bbox 455 1490 595 1574; x_wconf 78' lang='lat' dir='ltr'>Gymna-</span> 
     </span>
     <span class='ocr_line' id='line_1_12' title="bbox 106 1573 594 1656; baseline 0 -19"><span class='ocrx_word' id='word_1_65' title='bbox 106 1573 309 1656; x_wconf 70' lang='lat' dir='ltr'>[tumetipse</span> <span class='ocrx_word' id='word_1_66' title='bbox 331 1575 512 1639; x_wconf 71' lang='lat' dir='ltr'>Amaltheae</span> <span class='ocrx_word' id='word_1_67' title='bbox 535 1597 594 1637; x_wconf 87' lang='lat' dir='ltr'>no·</span> 
     </span>
     <span class='ocr_line' id='line_1_13' title="bbox 105 1659 595 1734; baseline -0.006 -11"><span class='ocrx_word' id='word_1_68' title='bbox 105 1666 189 1723; x_wconf 85' lang='lat' dir='ltr'>mine</span> <span class='ocrx_word' id='word_1_69' title='bbox 204 1659 402 1734; x_wconf 77' lang='lat' dir='ltr'>exstruxerat,</span> <span class='ocrx_word' id='word_1_70' title='bbox 426 1665 519 1722; x_wconf 82' lang='lat' dir='ltr'>Attici</span> <span class='ocrx_word' id='word_1_71' title='bbox 544 1681 595 1721; x_wconf 84' lang='lat' dir='ltr'>ex·</span> 
     </span>
     <span class='ocr_line' id='line_1_14' title="bbox 108 1742 569 1825; baseline -0.009 -17"><span class='ocrx_word' id='word_1_72' title='bbox 108 1767 156 1808; x_wconf 88' lang='lat' dir='ltr'>em</span> <span class='ocrx_word' id='word_1_73' title='bbox 181 1745 214 1806; x_wconf 91' lang='lat' dir='ltr'>lo</span> <span class='ocrx_word' id='word_1_74' title='bbox 230 1767 279 1825; x_wconf 87' lang='lat' dir='ltr'>ep.</span> <span class='ocrx_word' id='word_1_75' title='bbox 298 1756 346 1824; x_wconf 69' lang='lat' dir='ltr'>rlp.</span> <span class='ocrx_word' id='word_1_76' title='bbox 364 1749 383 1808; x_wconf 89' lang='lat' dir='ltr'>l.</span> <span class='ocrx_word' id='word_1_77' title='bbox 399 1746 423 1807; x_wconf 86' lang='lat'>1.</span> <span class='ocrx_word' id='word_1_78' title='bbox 447 1742 569 1804; x_wconf 81' lang='lat' dir='ltr'>Manat.</span> 
     </span>
    </p>

    <p class='ocr_par' dir='ltr' id='par_1_7' title="bbox 110 1767 596 2085">
     <span class='ocr_line' id='line_1_15' title="bbox 129 1767 596 1915; baseline 0.002 -24"><span class='ocrx_word' id='word_1_79' title='bbox 129 1898 134 1910; x_wconf 33' lang='grc' dir='ltr'>ι</span> <span class='ocrx_word' id='word_1_80' title='bbox 152 1767 274 1909; x_wconf 57' lang='lat' dir='ltr'>fredeger</span> <span class='ocrx_word' id='word_1_81' title='bbox 289 1829 356 1915; x_wconf 80' lang='lat' dir='ltr'>tui]</span> <span class='ocrx_word' id='word_1_82' title='bbox 381 1832 470 1913; x_wconf 82' lang='lat' dir='ltr'>quod</span> <span class='ocrx_word' id='word_1_83' title='bbox 486 1836 596 1892; x_wconf 87' lang='lat' dir='ltr'>attinet</span> 
     </span>
     <span class='ocr_line' id='line_1_16' title="bbox 110 1915 596 1993; baseline 0.01 -16"><span class='ocrx_word' id='word_1_84' title='bbox 110 1915 151 1993; x_wconf 73' lang='lat' dir='ltr'>ad</span> <span class='ocrx_word' id='word_1_85' title='bbox 172 1932 338 1990; x_wconf 82' lang='lat' dir='ltr'>ornatum,</span> <span class='ocrx_word' id='word_1_86' title='bbox 358 1931 390 1977; x_wconf 82' lang='lat' dir='ltr'>et</span> <span class='ocrx_word' id='word_1_87' title='bbox 412 1920 596 1982; x_wconf 60' lang='lat' dir='ltr'>renouaret.</span> 
     </span>
     <span class='ocr_line' id='line_1_17' title="bbox 111 1995 478 2085; baseline 0 -24"><span class='ocrx_word' id='word_1_88' title='bbox 111 2009 226 2085; x_wconf 50' lang='lat' dir='ltr'>epau.</span> <span class='ocrx_word' id='word_1_89' title='bbox 248 2000 313 2063; x_wconf 74' lang='grc' dir='ltr'>Η.</span> <span class='ocrx_word' id='word_1_90' title='bbox 356 1995 478 2061; x_wconf 79' lang='lat' dir='ltr'>Manet.</span> 
     </span>
    </p>

    <p class='ocr_par' dir='ltr' id='par_1_8' title="bbox 158 2080 597 2170">
     <span class='ocr_line' id='line_1_18' title="bbox 158 2080 597 2170; baseline 0.007 -27"><span class='ocrx_word' id='word_1_91' title='bbox 158 2080 310 2147; x_wconf 77' lang='lat' dir='ltr'>Vindicem</span> <span class='ocrx_word' id='word_1_92' title='bbox 360 2087 438 2145; x_wconf 66' lang='lat' dir='ltr'>aeris</span> <span class='ocrx_word' id='word_1_93' title='bbox 483 2084 597 2170; x_wconf 77' lang='lat' dir='ltr'>alicui]</span> 
     </span>
    </p>

    <p class='ocr_par' dir='ltr' id='par_1_9' title="bbox 85 2169 597 2426">
     <span class='ocr_line' id='line_1_19' title="bbox 85 2169 597 2253; baseline -0.004 -18"><span class='ocrx_word' id='word_1_94' title='bbox 85 2169 297 2235; x_wconf 34' lang='lat' dir='ltr'>*Coniuratio</span> <span class='ocrx_word' id='word_1_95' title='bbox 332 2170 484 2235; x_wconf 78' lang='lat' dir='ltr'>Catilinae</span> <span class='ocrx_word' id='word_1_96' title='bbox 522 2194 597 2253; x_wconf 89' lang='lat' dir='ltr'>pro·</span> 
     </span>
     <span class='ocr_line' id='line_1_20' title="bbox 110 2255 596 2336; baseline 0.006 -20"><span class='ocrx_word' id='word_1_97' title='bbox 110 2269 182 2336; x_wconf 84' lang='lat' dir='ltr'>pter</span> <span class='ocrx_word' id='word_1_98' title='bbox 196 2275 248 2319; x_wconf 82' lang='lat' dir='ltr'>aaa</span> <span class='ocrx_word' id='word_1_99' title='bbox 263 2255 398 2317; x_wconf 79' lang='lat' dir='ltr'>alienum</span> <span class='ocrx_word' id='word_1_100' title='bbox 414 2256 506 2330; x_wconf 84' lang='lat' dir='ltr'>sacra,</span> <span class='ocrx_word' id='word_1_101' title='bbox 519 2258 596 2320; x_wconf 92' lang='lat' dir='ltr'>odio</span> 
     </span>
     <span class='ocr_line' id='line_1_21' title="bbox 111 2342 597 2426; baseline 0.006 -27"><span class='ocrx_word' id='word_1_102' title='bbox 111 2344 245 2401; x_wconf 77' lang='lat' dir='ltr'>maxime</span> <span class='ocrx_word' id='word_1_103' title='bbox 260 2342 463 2403; x_wconf 84' lang='lat' dir='ltr'>creditorum.</span> <span class='ocrx_word' id='word_1_104' title='bbox 500 2343 597 2426; x_wconf 79' lang='lat' dir='ltr'>Recte</span> 
     </span>
    </p>

    <p class='ocr_par' dir='ltr' id='par_1_10' title="bbox 69 2422 598 2508">
     <span class='ocr_line' id='line_1_22' title="bbox 69 2422 598 2508; baseline 0.006 -24"><span class='ocrx_word' id='word_1_105' title='bbox 69 2442 72 2451; x_wconf 74' lang='grc'>’</span> <span class='ocrx_word' id='word_1_106' title='bbox 111 2428 205 2508; x_wconf 77' lang='lat' dir='ltr'>igitur</span> <span class='ocrx_word' id='word_1_107' title='bbox 236 2425 364 2500; x_wconf 85' lang='lat' dir='ltr'>vindex,</span> <span class='ocrx_word' id='word_1_108' title='bbox 403 2441 435 2487; x_wconf 90' lang='lat' dir='ltr'>et</span> <span class='ocrx_word' id='word_1_109' title='bbox 462 2422 598 2489; x_wconf 78' lang='lat' dir='ltr'>servator</span> 
     </span>
    </p>

    <p class='ocr_par' dir='ltr' id='par_1_11' title="bbox 111 2511 601 3271">
     <span class='ocr_line' id='line_1_23' title="bbox 112 2511 598 2592; baseline 0.006 -22"><span class='ocrx_word' id='word_1_110' title='bbox 112 2511 302 2573; x_wconf 85' lang='lat' dir='ltr'>creditorum</span> <span class='ocrx_word' id='word_1_111' title='bbox 341 2512 480 2582; x_wconf 86' lang='lat' dir='ltr'>Cicero,</span> <span class='ocrx_word' id='word_1_112' title='bbox 524 2516 598 2592; x_wconf 86' lang='lat' dir='ltr'>quia</span> 
     </span>
     <span class='ocr_line' id='line_1_24' title="bbox 113 2591 599 2659; baseline 0.004 -2"><span class='ocrx_word' id='word_1_113' title='bbox 113 2591 291 2657; x_wconf 73' lang='lat' dir='ltr'>romanatos</span> <span class='ocrx_word' id='word_1_114' title='bbox 306 2596 471 2659; x_wconf 86' lang='lat' dir='ltr'>occiderat.</span> <span class='ocrx_word' id='word_1_115' title='bbox 482 2596 520 2659; x_wconf 85' lang='lat' dir='ltr'>Et</span> <span class='ocrx_word' id='word_1_116' title='bbox 534 2601 599 2659; x_wconf 84' lang='lat' dir='ltr'>viu·</span> 
     </span>
     <span class='ocr_line' id='line_1_25' title="bbox 114 2680 600 2760; baseline -0.014 -17"><span class='ocrx_word' id='word_1_117' title='bbox 114 2681 171 2744; x_wconf 81' lang='lat' dir='ltr'>dex</span> <span class='ocrx_word' id='word_1_118' title='bbox 186 2680 349 2760; x_wconf 83' lang='lat' dir='ltr'>dupliciter</span> <span class='ocrx_word' id='word_1_119' title='bbox 372 2684 517 2759; x_wconf 88' lang='lat' dir='ltr'>ponitur,</span> <span class='ocrx_word' id='word_1_120' title='bbox 538 2684 600 2741; x_wconf 81' lang='lat' dir='ltr'>via.</span> 
     </span>
     <span class='ocr_line' id='line_1_26' title="bbox 113 2768 600 2846; baseline 0.014 -24"><span class='ocrx_word' id='word_1_121' title='bbox 113 2768 174 2825; x_wconf 80' lang='lat' dir='ltr'>darc</span> <span class='ocrx_word' id='word_1_122' title='bbox 197 2768 424 2838; x_wconf 71' lang='lat' dir='ltr'>coautratient&#39;s,</span> <span class='ocrx_word' id='word_1_123' title='bbox 447 2769 501 2846; x_wconf 88' lang='lat' dir='ltr'>qui</span> <span class='ocrx_word' id='word_1_124' title='bbox 525 2787 600 2829; x_wconf 84' lang='lat' dir='ltr'>con·</span> 
     </span>
     <span class='ocr_line' id='line_1_27' title="bbox 111 2853 600 2932; baseline -0.002 -23"><span class='ocrx_word' id='word_1_125' title='bbox 111 2854 298 2913; x_wconf 79' lang='lat' dir='ltr'>iurationem</span> <span class='ocrx_word' id='word_1_126' title='bbox 326 2854 495 2932; x_wconf 86' lang='lat' dir='ltr'>opprimit,</span> <span class='ocrx_word' id='word_1_127' title='bbox 535 2853 600 2911; x_wconf 82' lang='lat' dir='ltr'>vin·</span> 
     </span>
     <span class='ocr_line' id='line_1_28' title="bbox 114 2933 600 3015; baseline 0.002 -20"><span class='ocrx_word' id='word_1_128' title='bbox 114 2939 173 2995; x_wconf 76' lang='lat' dir='ltr'>dax</span> <span class='ocrx_word' id='word_1_129' title='bbox 189 2939 365 3008; x_wconf 46' lang='lat' dir='ltr'>*latratuum</span> <span class='ocrx_word' id='word_1_130' title='bbox 400 2939 455 3015; x_wconf 90' lang='lat' dir='ltr'>qui</span> <span class='ocrx_word' id='word_1_131' title='bbox 476 2933 600 2996; x_wconf 86' lang='lat' dir='ltr'>liberta·</span> 
     </span>
     <span class='ocr_line' id='line_1_29' title="bbox 113 3015 601 3092; baseline -0.002 -11"><span class='ocrx_word' id='word_1_132' title='bbox 113 3036 176 3091; x_wconf 81' lang='lat' dir='ltr'>tem</span> <span class='ocrx_word' id='word_1_133' title='bbox 194 3017 340 3083; x_wconf 76' lang='lat' dir='ltr'>restituit:</span> <span class='ocrx_word' id='word_1_134' title='bbox 358 3035 392 3081; x_wconf 87' lang='lat' dir='ltr'>ut</span> <span class='ocrx_word' id='word_1_135' title='bbox 405 3015 464 3092; x_wconf 88' lang='lat' dir='ltr'>hic,</span> <span class='ocrx_word' id='word_1_136' title='bbox 488 3023 601 3080; x_wconf 78' lang='lat' dir='ltr'>vindex</span> 
     </span>
     <span class='ocr_line' id='line_1_30' title="bbox 114 3105 599 3185; baseline 0.004 -21"><span class='ocrx_word' id='word_1_137' title='bbox 114 3107 192 3165; x_wconf 72' lang='lat' dir='ltr'>aeris</span> <span class='ocrx_word' id='word_1_138' title='bbox 213 3106 323 3178; x_wconf 83' lang='lat' dir='ltr'>atiani,</span> <span class='ocrx_word' id='word_1_139' title='bbox 353 3109 406 3185; x_wconf 89' lang='lat' dir='ltr'>qui</span> <span class='ocrx_word' id='word_1_140' title='bbox 429 3105 599 3167; x_wconf 82' lang='lat' dir='ltr'>crediturae</span> 
     </span>
     <span class='ocr_line' id='line_1_31' title="bbox 113 3189 600 3271; baseline 0.008 -24"><span class='ocrx_word' id='word_1_141' title='bbox 113 3189 233 3253; x_wconf 73' lang='lat' dir='ltr'>seruat:</span> <span class='ocrx_word' id='word_1_142' title='bbox 280 3189 369 3270; x_wconf 86' lang='lat' dir='ltr'>quod</span> <span class='ocrx_word' id='word_1_143' title='bbox 407 3191 600 3271; x_wconf 54' lang='grc' dir='ltr'>μεταφορικὰ</span> 
     </span>
    </p>
   </div>
   <div class='ocr_carea' id='block_1_5' title="bbox 115 3271 607 3355">
    <p class='ocr_par' dir='ltr' id='par_1_12' title="bbox 115 3271 607 3355">
     <span class='ocr_line' id='line_1_32' title="bbox 115 3271 607 3355; baseline -0.006 -19"><span class='ocrx_word' id='word_1_144' title='bbox 115 3274 191 3336; x_wconf 82' lang='lat' dir='ltr'>dixit</span> <span class='ocrx_word' id='word_1_145' title='bbox 202 3271 330 3355; x_wconf 82' lang='lat' dir='ltr'>epistola</span> <span class='ocrx_word' id='word_1_146' title='bbox 345 3288 390 3346; x_wconf 77' lang='lat'>15.</span> <span class='ocrx_word' id='word_1_147' title='bbox 404 3273 443 3333; x_wconf 89' lang='lat' dir='ltr'>ad</span> <span class='ocrx_word' id='word_1_148' title='bbox 453 3274 607 3347; x_wconf 79' lang='lat' dir='ltr'>Sextium,</span> 
     </span>
    </p>
   </div>
   <div class='ocr_carea' id='block_1_6' title="bbox 106 3356 605 4109">
    <p class='ocr_par' dir='ltr' id='par_1_13' title="bbox 106 3356 605 4109">
     <span class='ocr_line' id='line_1_33' title="bbox 117 3356 600 3435; baseline 0.004 -19"><span class='ocrx_word' id='word_1_149' title='bbox 117 3356 187 3417; x_wconf 82' lang='lat' dir='ltr'>Non</span> <span class='ocrx_word' id='word_1_150' title='bbox 208 3369 315 3435; x_wconf 78' lang='lat' dir='ltr'>putant</span> <span class='ocrx_word' id='word_1_151' title='bbox 337 3361 365 3416; x_wconf 79' lang='grc' dir='ltr'>εἰ</span> <span class='ocrx_word' id='word_1_152' title='bbox 390 3379 520 3416; x_wconf 76' lang='lat' dir='ltr'>ntrrnmns</span> <span class='ocrx_word' id='word_1_153' title='bbox 551 3363 600 3418; x_wconf 81' lang='lat' dir='ltr'>da·</span> 
     </span>
     <span class='ocr_line' id='line_1_34' title="bbox 115 3443 603 3523; baseline 0.004 -20"><span class='ocrx_word' id='word_1_154' title='bbox 115 3447 170 3521; x_wconf 76' lang='lat' dir='ltr'>esse</span> <span class='ocrx_word' id='word_1_155' title='bbox 189 3444 285 3519; x_wconf 63' lang='lat' dir='ltr'>possit,</span> <span class='ocrx_word' id='word_1_156' title='bbox 322 3443 376 3523; x_wconf 78' lang='lat' dir='ltr'>qui</span> <span class='ocrx_word' id='word_1_157' title='bbox 395 3464 433 3501; x_wconf 75' lang='lat' dir='ltr'>etc</span> <span class='ocrx_word' id='word_1_158' title='bbox 456 3445 603 3520; x_wconf 77' lang='lat' dir='ltr'>obsidione</span> 
     </span>
     <span class='ocr_line' id='line_1_35' title="bbox 106 3529 601 3603; baseline 0.006 -13"><span class='ocrx_word' id='word_1_159' title='bbox 106 3529 317 3603; x_wconf 77' lang='lat' dir='ltr'>foeneratores</span> <span class='ocrx_word' id='word_1_160' title='bbox 337 3531 491 3589; x_wconf 76' lang='lat' dir='ltr'>exeruerit.</span> <span class='ocrx_word' id='word_1_161' title='bbox 535 3533 601 3603; x_wconf 84' lang='lat' dir='ltr'>sic,</span> 
     </span>
     <span class='ocr_line' id='line_1_36' title="bbox 116 3610 603 3686; baseline 0.002 -11"><span class='ocrx_word' id='word_1_162' title='bbox 116 3619 195 3675; x_wconf 73' lang='lat' dir='ltr'>uter</span> <span class='ocrx_word' id='word_1_163' title='bbox 215 3610 432 3686; x_wconf 57' lang='lat' dir='ltr'>Catilinaesin</span> <span class='ocrx_word' id='word_1_164' title='bbox 457 3619 603 3677; x_wconf 89' lang='lat' dir='ltr'>oratione</span> 
     </span>
     <span class='ocr_line' id='line_1_37' title="bbox 115 3697 604 3771; baseline 0 -10"><span class='ocrx_word' id='word_1_165' title='bbox 115 3705 147 3762; x_wconf 86' lang='lat' dir='ltr'>in</span> <span class='ocrx_word' id='word_1_166' title='bbox 165 3697 325 3771; x_wconf 62' lang='lat' dir='ltr'>Pisonem</span> <span class='ocrx_word' id='word_1_167' title='bbox 349 3714 379 3759; x_wconf 91' lang='lat' dir='ltr'>et</span> <span class='ocrx_word' id='word_1_168' title='bbox 403 3701 482 3757; x_wconf 81' lang='lat' dir='ltr'>ultor</span> <span class='ocrx_word' id='word_1_169' title='bbox 506 3703 604 3761; x_wconf 77' lang='lat' dir='ltr'>iaia-tri·</span> 
     </span>
     <span class='ocr_line' id='line_1_38' title="bbox 116 3779 604 3862; baseline 0.008 -20"><span class='ocrx_word' id='word_1_170' title='bbox 116 3805 235 3855; x_wconf 71' lang='lat' dir='ltr'>cerain,</span> <span class='ocrx_word' id='word_1_171' title='bbox 256 3786 289 3845; x_wconf 85' lang='lat' dir='ltr'>ira</span> <span class='ocrx_word' id='word_1_172' title='bbox 308 3779 436 3862; x_wconf 81' lang='lat' dir='ltr'>epistola</span> <span class='ocrx_word' id='word_1_173' title='bbox 460 3784 499 3847; x_wconf 87' lang='lat' dir='ltr'>ad</span> <span class='ocrx_word' id='word_1_174' title='bbox 523 3787 604 3846; x_wconf 87' lang='lat' dir='ltr'>Len·</span> 
     </span>
     <span class='ocr_line' id='line_1_39' title="bbox 116 3866 605 3943; baseline -0.004 -10"><span class='ocrx_word' id='word_1_175' title='bbox 116 3869 231 3943; x_wconf 64' lang='lat' dir='ltr'>tulum</span> <span class='ocrx_word' id='word_1_176' title='bbox 268 3866 401 3935; x_wconf 74' lang='lat' dir='ltr'>diverse:</span> <span class='ocrx_word' id='word_1_177' title='bbox 430 3889 502 3933; x_wconf 80' lang='lat' dir='ltr'>uam</span> <span class='ocrx_word' id='word_1_178' title='bbox 526 3869 605 3931; x_wconf 86' lang='lat' dir='ltr'>illud</span> 
     </span>
     <span class='ocr_line' id='line_1_40' title="bbox 118 3949 605 4032; baseline 0.004 -20"><span class='ocrx_word' id='word_1_179' title='bbox 118 3974 176 4032; x_wconf 61' lang='lat' dir='ltr'>pne</span> <span class='ocrx_word' id='word_1_180' title='bbox 207 3953 363 4024; x_wconf 83' lang='lat' dir='ltr'>Catilina,</span> <span class='ocrx_word' id='word_1_181' title='bbox 406 3949 467 4016; x_wconf 85' lang='lat' dir='ltr'>hoc</span> <span class='ocrx_word' id='word_1_182' title='bbox 496 3971 605 4017; x_wconf 83' lang='lat' dir='ltr'>contre</span> 
     </span>
     <span class='ocr_line' id='line_1_41' title="bbox 116 4033 604 4109; baseline -0.01 -11"><span class='ocrx_word' id='word_1_183' title='bbox 116 4041 268 4100; x_wconf 75' lang='lat' dir='ltr'>inimicos.</span> <span class='ocrx_word' id='word_1_184' title='bbox 295 4033 445 4109; x_wconf 52' lang='lat' dir='ltr'>‚Manum</span> <span class='ocrx_word' id='word_1_185' title='bbox 497 4094 501 4104; x_wconf 79' lang='grc'><em>,</em></span> <span class='ocrx_word' id='word_1_186' title='bbox 601 4080 604 4087; x_wconf 83' lang='grc'><strong>.</strong></span> 
     </span>
    </p>
   </div>
   <div class='ocr_carea' id='block_1_7' title="bbox 650 1486 1029 2065">
    <p class='ocr_par' dir='ltr' id='par_1_14' title="bbox 650 1486 1029 2065">
     <span class='ocr_line' id='line_1_42' title="bbox 692 1486 1020 1551; baseline 0.009 -3"><span class='ocrx_word' id='word_1_187' title='bbox 692 1487 770 1550; x_wconf 81' lang='lat' dir='ltr'>Aere</span> <span class='ocrx_word' id='word_1_188' title='bbox 788 1511 846 1549; x_wconf 85' lang='lat' dir='ltr'>noa</span> <span class='ocrx_word' id='word_1_189' title='bbox 864 1486 1020 1551; x_wconf 79' lang='lat' dir='ltr'>Corinthio</span> 
     </span>
     <span class='ocr_line' id='line_1_43' title="bbox 651 1573 1029 1650; baseline 0.013 -15"><span class='ocrx_word' id='word_1_190' title='bbox 651 1573 697 1637; x_wconf 83' lang='lat' dir='ltr'>lua</span> <span class='ocrx_word' id='word_1_191' title='bbox 715 1574 774 1639; x_wconf 83' lang='lat' dir='ltr'>est:</span> <span class='ocrx_word' id='word_1_192' title='bbox 795 1574 980 1650; x_wconf 79' lang='lat' dir='ltr'>Tusculani,</span> <span class='ocrx_word' id='word_1_193' title='bbox 1003 1595 1029 1640; x_wconf 84' lang='lat' dir='ltr'>et</span> 
     </span>
     <span class='ocr_line' id='line_1_44' title="bbox 650 1660 1029 1742; baseline 0 -21"><span class='ocrx_word' id='word_1_194' title='bbox 650 1665 756 1742; x_wconf 87' lang='lat' dir='ltr'>paiani</span> <span class='ocrx_word' id='word_1_195' title='bbox 787 1660 963 1723; x_wconf 85' lang='lat' dir='ltr'>aedificatio</span> <span class='ocrx_word' id='word_1_196' title='bbox 992 1685 1029 1722; x_wconf 87' lang='lat' dir='ltr'>m.</span> 
     </span>
     <span class='ocr_line' id='line_1_45' title="bbox 651 1744 1029 1809; baseline 0.011 -4"><span class='ocrx_word' id='word_1_197' title='bbox 651 1744 726 1806; x_wconf 86' lang='lat' dir='ltr'>milti</span> <span class='ocrx_word' id='word_1_198' title='bbox 750 1765 801 1807; x_wconf 83' lang='lat' dir='ltr'>aaa</span> <span class='ocrx_word' id='word_1_199' title='bbox 827 1746 961 1807; x_wconf 86' lang='lat' dir='ltr'>alienum</span> <span class='ocrx_word' id='word_1_200' title='bbox 983 1764 1029 1809; x_wconf 89' lang='lat' dir='ltr'>att</span> 
     </span>
     <span class='ocr_line' id='line_1_46' title="bbox 651 1831 1029 1916; baseline 0.008 -25"><span class='ocrx_word' id='word_1_201' title='bbox 651 1831 715 1892; x_wconf 84' lang='lat' dir='ltr'>Sed</span> <span class='ocrx_word' id='word_1_202' title='bbox 742 1835 864 1892; x_wconf 87' lang='lat' dir='ltr'>iocatur</span> <span class='ocrx_word' id='word_1_203' title='bbox 885 1835 918 1893; x_wconf 87' lang='lat' dir='ltr'>io</span> <span class='ocrx_word' id='word_1_204' title='bbox 939 1832 1029 1916; x_wconf 62' lang='lat' dir='ltr'>ambip</span> 
     </span>
     <span class='ocr_line' id='line_1_47' title="bbox 652 1916 991 1996; baseline 0.003 -20"><span class='ocrx_word' id='word_1_205' title='bbox 652 1916 763 1976; x_wconf 83' lang='lat' dir='ltr'>verbi:</span> <span class='ocrx_word' id='word_1_206' title='bbox 809 1936 905 1996; x_wconf 85' lang='lat' dir='ltr'>quum</span> <span class='ocrx_word' id='word_1_207' title='bbox 938 1936 991 1978; x_wconf 84' lang='lat' dir='ltr'>aea</span> 
     </span>
     <span class='ocr_line' id='line_1_48' title="bbox 653 1999 1029 2065; baseline -0.003 -6"><span class='ocrx_word' id='word_1_208' title='bbox 653 1999 752 2060; x_wconf 89' lang='lat' dir='ltr'>thium</span> <span class='ocrx_word' id='word_1_209' title='bbox 787 2005 919 2062; x_wconf 82' lang='lat' dir='ltr'>maxime</span> <span class='ocrx_word' id='word_1_210' title='bbox 948 2002 1029 2065; x_wconf 61' lang='lat' dir='ltr'>lautl⁴</span> 
     </span>
    </p>
   </div>
   <div class='ocr_carea' id='block_1_8' title="bbox 653 2081 775 2145">
    <p class='ocr_par' dir='ltr' id='par_1_15' title="bbox 653 2081 775 2145">
     <span class='ocr_line' id='line_1_49' title="bbox 653 2081 775 2145; baseline 0.008 -1"><span class='ocrx_word' id='word_1_211' title='bbox 653 2081 775 2145; x_wconf 74' lang='lat' dir='ltr'>Manui.</span> 
     </span>
    </p>
   </div>
   <div class='ocr_carea' id='block_1_9' title="bbox 652 2166 1030 4014">
    <p class='ocr_par' dir='ltr' id='par_1_16' title="bbox 652 2166 1030 2572">
     <span class='ocr_line' id='line_1_50' title="bbox 698 2166 1029 2255; baseline 0 -26"><span class='ocrx_word' id='word_1_212' title='bbox 698 2166 1029 2255; x_wconf 67' lang='lat' dir='ltr'>Hocct&#39;rcuuaferaneo]</span> 
     </span>
     <span class='ocr_line' id='line_1_51' title="bbox 653 2254 1029 2338; baseline -0.003 -21"><span class='ocrx_word' id='word_1_213' title='bbox 653 2254 693 2317; x_wconf 86' lang='lat' dir='ltr'>ab</span> <span class='ocrx_word' id='word_1_214' title='bbox 709 2258 887 2338; x_wconf 78' lang='lat' dir='ltr'>argentariis</span> <span class='ocrx_word' id='word_1_215' title='bbox 906 2255 1029 2317; x_wconf 82' lang='lat' dir='ltr'>foenere</span> 
     </span>
     <span class='ocr_line' id='line_1_52' title="bbox 652 2339 1029 2418; baseline 0.003 -17"><span class='ocrx_word' id='word_1_216' title='bbox 652 2339 795 2411; x_wconf 84' lang='lat' dir='ltr'>sumitur,</span> <span class='ocrx_word' id='word_1_217' title='bbox 817 2344 871 2418; x_wconf 88' lang='lat' dir='ltr'>qui</span> <span class='ocrx_word' id='word_1_218' title='bbox 888 2339 1029 2402; x_wconf 78' lang='lat' dir='ltr'>telternaa</span> 
     </span>
     <span class='ocr_line' id='line_1_53' title="bbox 653 2420 1030 2502; baseline 0.003 -16"><span class='ocrx_word' id='word_1_219' title='bbox 653 2425 729 2486; x_wconf 85' lang='lat' dir='ltr'>bant</span> <span class='ocrx_word' id='word_1_220' title='bbox 751 2430 783 2485; x_wconf 87' lang='lat' dir='ltr'>io</span> <span class='ocrx_word' id='word_1_221' title='bbox 802 2420 971 2502; x_wconf 73' lang='lat' dir='ltr'>porticibus</span> <span class='ocrx_word' id='word_1_222' title='bbox 994 2431 1030 2487; x_wconf 84' lang='lat' dir='ltr'>cit</span> 
     </span>
     <span class='ocr_line' id='line_1_54' title="bbox 654 2509 898 2572; baseline -0.025 0"><span class='ocrx_word' id='word_1_223' title='bbox 654 2533 733 2572; x_wconf 75' lang='lat' dir='ltr'>rum,</span> <span class='ocrx_word' id='word_1_224' title='bbox 778 2509 898 2566; x_wconf 77' lang='lat' dir='ltr'>Manat.</span> 
     </span>
    </p>

    <p class='ocr_par' dir='ltr' id='par_1_17' title="bbox 654 2592 1029 2911">
     <span class='ocr_line' id='line_1_55' title="bbox 700 2592 1029 2676; baseline -0.009 -19"><span class='ocrx_word' id='word_1_225' title='bbox 700 2616 748 2657; x_wconf 75' lang='grc' dir='ltr'>ιο.</span> <span class='ocrx_word' id='word_1_226' title='bbox 765 2592 880 2676; x_wconf 78' lang='lat' dir='ltr'>otium]</span> <span class='ocrx_word' id='word_1_227' title='bbox 898 2593 995 2674; x_wconf 79' lang='lat' dir='ltr'>Quod</span> <span class='ocrx_word' id='word_1_228' title='bbox 1006 2615 1029 2654; x_wconf 66' lang='lat' dir='ltr'>n*</span> 
     </span>
     <span class='ocr_line' id='line_1_56' title="bbox 654 2681 1029 2762; baseline -0.003 -21"><span class='ocrx_word' id='word_1_229' title='bbox 654 2699 721 2741; x_wconf 83' lang='lat' dir='ltr'>non</span> <span class='ocrx_word' id='word_1_230' title='bbox 766 2699 960 2762; x_wconf 82' lang='lat' dir='ltr'>magnopere</span> <span class='ocrx_word' id='word_1_231' title='bbox 995 2681 1029 2740; x_wconf 88' lang='lat' dir='ltr'>M</span> 
     </span>
     <span class='ocr_line' id='line_1_57' title="bbox 656 2763 1029 2849; baseline -0.003 -24"><span class='ocrx_word' id='word_1_232' title='bbox 656 2763 822 2849; x_wconf 82' lang='lat' dir='ltr'>gaudebat.</span> <span class='ocrx_word' id='word_1_233' title='bbox 847 2785 896 2843; x_wconf 88' lang='lat' dir='ltr'>ep.</span> <span class='ocrx_word' id='word_1_234' title='bbox 916 2763 1029 2844; x_wconf 76' lang='lat' dir='ltr'>17.t.1</span> 
     </span>
     <span class='ocr_line' id='line_1_58' title="bbox 656 2853 722 2911; baseline 0.045 -3"><span class='ocrx_word' id='word_1_235' title='bbox 656 2853 722 2911; x_wconf 75' lang='lat' dir='ltr'>rud.</span> 
     </span>
    </p>

    <p class='ocr_par' dir='ltr' id='par_1_18' title="bbox 656 2928 1029 4014">
     <span class='ocr_line' id='line_1_59' title="bbox 701 2928 1029 3017; baseline -0.003 -22"><span class='ocrx_word' id='word_1_236' title='bbox 701 2955 744 2996; x_wconf 71' lang='lat' dir='ltr'>ut.</span> <span class='ocrx_word' id='word_1_237' title='bbox 756 2928 960 3017; x_wconf 75' lang='lat' dir='ltr'>Prognostica]</span> <span class='ocrx_word' id='word_1_238' title='bbox 974 2933 1029 2994; x_wconf 80' lang='lat' dir='ltr'>Cic</span> 
     </span>
     <span class='ocr_line' id='line_1_60' title="bbox 656 3015 1029 3099; baseline 0.003 -22"><span class='ocrx_word' id='word_1_239' title='bbox 656 3033 842 3099; x_wconf 70' lang='lat' dir='ltr'>terpretatur</span> <span class='ocrx_word' id='word_1_240' title='bbox 859 3015 901 3077; x_wconf 76' lang='lat' dir='ltr'>cst</span> <span class='ocrx_word' id='word_1_241' title='bbox 918 3017 1029 3078; x_wconf 78' lang='lat' dir='ltr'>verlilta</span> 
     </span>
     <span class='ocr_line' id='line_1_61' title="bbox 657 3099 1029 3182; baseline 0.013 -24"><span class='ocrx_word' id='word_1_242' title='bbox 657 3099 866 3182; x_wconf 78' lang='lat' dir='ltr'>Prognostica,</span> <span class='ocrx_word' id='word_1_243' title='bbox 908 3118 942 3162; x_wconf 89' lang='lat' dir='ltr'>ut</span> <span class='ocrx_word' id='word_1_244' title='bbox 972 3124 1029 3163; x_wconf 85' lang='lat' dir='ltr'>con</span> 
     </span>
     <span class='ocr_line' id='line_1_62' title="bbox 656 3188 1029 3261; baseline 0 -15"><span class='ocrx_word' id='word_1_245' title='bbox 656 3188 739 3250; x_wconf 78' lang='lat' dir='ltr'>libr-ia</span> <span class='ocrx_word' id='word_1_246' title='bbox 757 3190 796 3248; x_wconf 86' lang='lat' dir='ltr'>de</span> <span class='ocrx_word' id='word_1_247' title='bbox 812 3189 1029 3261; x_wconf 81' lang='lat' dir='ltr'>Divinatione;</span> 
     </span>
     <span class='ocr_line' id='line_1_63' title="bbox 656 3272 1029 3345; baseline -0.011 -11"><span class='ocrx_word' id='word_1_248' title='bbox 656 3293 724 3334; x_wconf 85' lang='lat' dir='ltr'>non</span> <span class='ocrx_word' id='word_1_249' title='bbox 752 3272 855 3333; x_wconf 74' lang='lat' dir='ltr'>liabeo</span> <span class='ocrx_word' id='word_1_250' title='bbox 887 3273 1029 3345; x_wconf 82' lang='lat' dir='ltr'>dubium¹</span> 
     </span>
     <span class='ocr_line' id='line_1_64' title="bbox 658 3358 1029 3441; baseline -0.003 -22"><span class='ocrx_word' id='word_1_251' title='bbox 658 3379 694 3419; x_wconf 89' lang='lat' dir='ltr'>ca</span> <span class='ocrx_word' id='word_1_252' title='bbox 716 3358 876 3441; x_wconf 82' lang='lat' dir='ltr'>intelligat.</span> <span class='ocrx_word' id='word_1_253' title='bbox 919 3359 1029 3418; x_wconf 78' lang='lat' dir='ltr'>llletnir</span> 
     </span>
     <span class='ocr_line' id='line_1_65' title="bbox 657 3439 1027 3503; baseline 0 0"><span class='ocrx_word' id='word_1_254' title='bbox 657 3465 726 3503; x_wconf 85' lang='lat' dir='ltr'>rum</span> <span class='ocrx_word' id='word_1_255' title='bbox 750 3446 841 3503; x_wconf 86' lang='lat' dir='ltr'>etiam</span> <span class='ocrx_word' id='word_1_256' title='bbox 871 3439 951 3503; x_wconf 86' lang='lat' dir='ltr'>libro</span> <span class='ocrx_word' id='word_1_257' title='bbox 975 3465 1027 3503; x_wconf 76' lang='lat' dir='ltr'>ear</span> 
     </span>
     <span class='ocr_line' id='line_1_66' title="bbox 659 3525 1013 3605; baseline 0 -18"><span class='ocrx_word' id='word_1_258' title='bbox 659 3525 856 3605; x_wconf 78' lang='lat' dir='ltr'>epistolarum</span> <span class='ocrx_word' id='word_1_259' title='bbox 872 3529 941 3585; x_wconf 88' lang='lat' dir='ltr'>XV.</span> <span class='ocrx_word' id='word_1_260' title='bbox 969 3526 1013 3587; x_wconf 85' lang='lat' dir='ltr'>ltia</span> 
     </span>
     <span class='ocr_line' id='line_1_67' title="bbox 661 3609 1029 3689; baseline -0.019 -16"><span class='ocrx_word' id='word_1_261' title='bbox 661 3609 806 3689; x_wconf 72' lang='lat' dir='ltr'>Equidem</span> <span class='ocrx_word' id='word_1_262' title='bbox 829 3614 920 3670; x_wconf 81' lang='lat' dir='ltr'>etiam</span> <span class='ocrx_word' id='word_1_263' title='bbox 942 3616 1029 3684; x_wconf 77' lang='lat' dir='ltr'>pluvi</span> 
     </span>
     <span class='ocr_line' id='line_1_68' title="bbox 660 3700 1014 3774; baseline -0.003 -20"><span class='ocrx_word' id='word_1_264' title='bbox 660 3709 729 3772; x_wconf 80' lang='lat' dir='ltr'>tuo,</span> <span class='ocrx_word' id='word_1_265' title='bbox 766 3700 795 3773; x_wconf 85' lang='lat' dir='ltr'>st</span> <span class='ocrx_word' id='word_1_266' title='bbox 824 3700 1014 3774; x_wconf 74' lang='lat' dir='ltr'>prognostica</span> 
     </span>
     <span class='ocr_line' id='line_1_69' title="bbox 660 3785 1029 3858; baseline -0.005 -16"><span class='ocrx_word' id='word_1_267' title='bbox 660 3805 732 3842; x_wconf 79' lang='lat' dir='ltr'>uara</span> <span class='ocrx_word' id='word_1_268' title='bbox 748 3785 828 3858; x_wconf 76' lang='lat' dir='ltr'>fitne.</span> <span class='ocrx_word' id='word_1_269' title='bbox 857 3805 948 3839; x_wconf 78' lang='lat' dir='ltr'>ranae</span> <span class='ocrx_word' id='word_1_270' title='bbox 965 3787 1029 3841; x_wconf 82' lang='lat' dir='ltr'>enin</span> 
     </span>
     <span class='ocr_line' id='line_1_70' title="bbox 661 3859 1029 3949; baseline 0.008 -23"><span class='ocrx_word' id='word_1_271' title='bbox 661 3859 779 3949; x_wconf 73' lang='lat' dir='ltr'>pedeure.</span> <span class='ocrx_word' id='word_1_272' title='bbox 791 3869 905 3930; x_wconf 77' lang='lat' dir='ltr'>Mutet.</span> <span class='ocrx_word' id='word_1_273' title='bbox 916 3871 1005 3930; x_wconf 87' lang='lat' dir='ltr'>Varr.</span> <span class='ocrx_word' id='word_1_274' title='bbox 1021 3872 1029 3929; x_wconf 94' lang='lat' dir='ltr'>l</span> 
     </span>
     <span class='ocr_line' id='line_1_71' title="bbox 663 3949 875 4014; baseline -0.014 -2"><span class='ocrx_word' id='word_1_275' title='bbox 663 3974 713 4014; x_wconf 87' lang='lat'>20.</span> <span class='ocrx_word' id='word_1_276' title='bbox 766 3949 875 4012; x_wconf 77' lang='lat' dir='ltr'>Graec.</span> 
     </span>
    </p>
   </div>
   <div class='ocr_carea' id='block_1_10' title="bbox 0 0 1271 4808">
    <p class='ocr_par' dir='ltr' id='par_1_19' title="bbox 0 0 1271 4808">
     <span class='ocr_line' id='line_1_72' title="bbox 0 0 1271 4808; baseline 0 0"><span class='ocrx_word' id='word_1_277' title='bbox 0 0 1271 4808; x_wconf 95' lang='lat' dir='ltr'> </span> 
     </span>
    </p>
   </div>
  </div>
 </body>
</html>
