2506 4808
112 284 176 360 m
278 218 559 355 norsaonn
599 273 752 344 xxm.
793 235 972 347 x'xvn.

117 465 289 555 putabam3
323 486 433 547 neque
460 477 494 528 te
519 468 556 531 in
580 462 822 535 tocullionibus
846 463 1025 538 habebam.

114 565 244 658 scripfi,
267 578 306 632 ut
330 567 450 639 debui,
473 562 664 653 diligenter.

73 725 78 755 ²
120 839 124 844 ,
178 731 500 833 'amsronn
540 761 702 855 xxvn.
754 757 875 863 (att.
896 765 954 835 11.
977 764 1033 854 a.)

121 944 125 949 ·
156 927 222 987 Ser.
246 924 284 986 A.
307 923 346 984 U.
372 923 407 984 C.
437 922 508 1005 693.
548 927 638 989 initio
660 922 825 987 Decembr.
855 946 893 988 ex
912 925 1033 992 autent.

11 1087 12 1091 ’
113 1075 213 1141 Attico
238 1075 276 1158 Q.
303 1071 474 1134 Ciceronem
505 1077 544 1161 Q.
569 1073 602 1139 F.
641 1088 848 1158 aegrotantem
883 1086 1033 1142 commend

157 1176 262 1237 Libros
278 1171 457 1254 Dicaearchi
469 1178 529 1254 sibi
544 1183 631 1240 valde
646 1185 764 1256 placere
779 1177 942 1258 significat.
980 1203 1009 1244 2.
1031 1199 1033 1224 ν

156 1280 269 1336 tortium
284 1281 511 1354 repetundarum
527 1304 610 1339 reum
625 1287 756 1347 nondum
776 1303 793 1342 a
810 1283 968 1365 prouincia
982 1287 1033 1353 red

71 1416 77 1466 3
156 1378 288 1440 Atticum
304 1376 432 1455 Romam
456 1381 572 1444 invitat.
594 1392 624 1464 4.

328 1562 535 1631 CICERO
587 1562 835 1641 ATTICO,
889 1563 929 1632 S.

199 1719 306 1790 Cura,
342 1719 461 1782 amabo
490 1730 540 1793 te,
568 1718 771 1784 Ciceronem
792 1715 956 1783 nostrum.
1012 1723 1033 1790 E

111 1826 273 1894 συννοσεῖν
310 1816 476 1883 videmur.

490 1988 759 2004 m

110 2093 600 2176 MacedoniaRomanornmpro·
656 2095 768 2156 Cicero
805 2093 895 2176 qnod
927 2093 1032 2157 Attico

31 2235 35 2244 .
111 2183 232 2261 vincia)
261 2178 313 2238 sed
334 2181 482 2240 duntaxat
506 2185 538 2242 in
562 2184 598 2240 iia
653 2181 786 2260 praedio
809 2181 1011 2242 Nomentano

112 2265 206 2336 locis,
231 2283 313 2344 quae
328 2264 478 2324 Romanis
501 2267 599 2346 magi·
653 2263 794 2340 fabatum
833 2284 897 2344 quo
919 2269 1033 2325 Atticm

112 2349 253 2413 stratibus
273 2368 340 2410 non
361 2365 489 2426 parem,
511 2365 545 2410 ut
565 2354 598 2408 in
653 2347 757 2409 mense
780 2369 828 2408 ex
854 2349 950 2429 Epiro
989 2351 1033 2410 de⁴

111 2437 238 2513 Epiro,
277 2448 331 2495 eat
355 2429 506 2507 Athenis,
543 2448 597 2493 aot
654 2432 801 2494 credibile
832 2431 882 2494 est.
931 2435 1027 2494 Certe

112 2517 255 2583 Sinone.
304 2513 425 2577 Manat.
652 2519 750 2597 Epiro
771 2517 871 2578 adhuc
891 2515 1033 2590 suiffet‚t

7 2601 8 2605 ’
119 2596 122 2602 ’
159 2542 193 2665 do
222 2601 436 2686 toeulionibus]
473 2603 598 2664 Nomen
653 2601 777 2683 sperare
799 2622 865 2663 non
891 2621 1033 2683 poteret¹

111 2685 238 2755 fortasse
258 2689 426 2748 deductum
451 2709 469 2746 a
500 2711 596 2758 τοκος,
655 2685 816 2768 epistolam
855 2686 917 2748 hoc
962 2710 1033 2750 men

112 2775 201 2858 quod
216 2771 258 2833 est
273 2772 379 2847 usum
400 2787 435 2831 ut
450 2769 501 2832 fit:
523 2775 598 2835 Non
655 2793 726 2834 eum
760 2789 990 2852 perventuram.

111 2859 260 2942 putabam
286 2874 317 2917 te
337 2854 398 2916 esse
417 2861 449 2916 in
470 2861 522 2927 iis,
544 2860 598 2937 qui
698 2860 726 2915 ei
753 2880 804 2914 nos
824 2865 960 2917 συννοσεῖν
982 2861 1033 2918 oid

112 2942 233 3004 usuram
253 2957 413 3013 exercent,
434 2945 597 3019 pecuniam
654 2944 759 3024 Vulgo
782 2944 811 3000 ei
827 2965 878 3000 nos
901 2946 970 3002 θεῖοι
992 2947 1033 3002 vic

112 3030 599 3108 cumi'enoreexigentesapto·
653 3028 695 3087 At
722 3048 816 3108 quam
847 3025 962 3107 quaeso
991 3030 1033 3088 ide

111 3110 299 3193 vincieiibus.
334 3111 545 3180 neumarum,
575 3105 598 3168 sa
653 3110 833 3172 sententiam
847 3108 971 3172 efficere
984 3135 1029 3193 po

108 3196 208 3268 ‚verbo
224 3211 329 3256 utatur
337 3195 468 3267 Cicero,
484 3215 502 3252 a
512 3212 599 3276 groe-
653 3195 1033 3275 tudem..s1vepnru0s‚t

112 3282 260 3363 calingua
271 3280 422 3351 derivate,
446 3298 541 3358 quum
557 3277 598 3339 ad
653 3284 741 3359 vinor
757 3283 983 3360 interpretem?
1004 3284 1033 3341 St

111 3370 246 3430 Atticum
261 3361 380 3434 scribat,
399 3383 528 3446 graecae
541 3363 597 3424 lin-
652 3364 730 3424 libet
747 3365 987 3448 περπνρεύνσθαν.
1014 3367 1033 3425 Ιι

114 3443 596 3543 guaest.udios1ffimum.Marzm.
652 3447 721 3510 satie
732 3466 848 3532 vetere,
871 3471 936 3529 quo
951 3452 1029 3512 mod

155 3532 247 3615 Epist.
271 3531 401 3594 XXVII.
464 3553 492 3593 1.
517 3528 597 3591 Cura
652 3538 698 3594 vir
729 3534 831 3594 multia
860 3536 1033 3596 nominibus

110 3624 213 3679 ornabo
227 3630 257 3675 te
268 3613 439 3677 Ciceronem
451 3617 595 3702 nostrum]
651 3616 803 3680 striffirnus
834 3619 1019 3680 Guilieimos

110 3707 152 3786 Q.
171 3706 338 3795 ⁴Ciceronis
374 3702 488 3774 filium,
533 3703 594 3764 scil.
651 3721 699 3764 tue
722 3703 893 3764 Cardinalis
922 3708 965 3764 ita
991 3704 1033 3765 scr

110 3786 333 3873 aegrotantem.
354 3785 595 3872 BeneMongal·
652 3787 711 3849 est:
745 3785 819 3847 Cum
845 3793 948 3847 ornabo
970 3786 1033 3848 te(

108 3879 186 3946 tius,
210 3872 302 3954 saepe
327 3869 368 3932 fic
396 3871 481 3952 apud
507 3874 596 3934 Cice·
651 3895 717 3932 nem
752 3874 882 3949 nostrum
919 3895 1007 3935 omos

108 3980 218 4021 eonem
234 3955 488 4018 curareabsolute
504 3961 593 4036 poni,
653 3979 722 4018 orm
769 3961 912 4016 videmur.
980 3960 1025 4018 Ex

108 4043 331 4135 animadvertit.
364 4043 404 4131 Et
417 4039 542 4103 tortasse
552 4042 593 4126 Q
651 4042 709 4108 bos
733 4042 921 4126 depravatae
940 4048 1033 4107 veteri
