2506 4808
126 308 178 375 μ
434 278 717 349 nutstotn
757 273 849 350 xx.

280 471 558 550 EPISTOLA
609 479 690 549 xx.
742 473 861 570 (Ate.
886 478 910 549 1.
936 476 1016 568 15.)

285 630 290 639 ’
306 731 309 735 Ι
333 642 397 706 Ser.
412 641 537 704 Romae
549 641 585 705 b.
599 641 638 705 U.
655 643 690 704 C.
705 642 776 723 692.
799 639 842 705 id.
852 640 947 705 Moti.

129 788 229 868 Asiam
250 793 436 868 provinciam
459 793 571 876 Quinto
590 791 692 863 fratri
714 793 848 872 obtigiffe
869 794 995 854 nuntiat.
1022 811 1050 856 1.

140 926 145 937 .
165 892 210 952 *de
221 895 284 969 fuis
308 896 502 955 mandarint
524 898 562 954 de
576 892 670 953 Attici
691 895 779 972 ipsius
799 897 1035 974 negotiantium
1050 905 1064 970 j

164 995 403 1074 scribat-rogat.
430 1015 460 1057 2.

359 1175 561 1245 otouno
603 1175 857 1254 Attttoo,¹
892 1130 930 1246 sſs

212 1326 328 1394 Afiam
343 1328 491 1419 Quinto,
515 1327 698 1395 suavissimo
715 1312 831 1404 fratri,
854 1325 1010 1417 obtigisse
1027 1349 1064 1392 au

131 1449 201 1494 non
217 1436 305 1494 enim
320 1431 457 1505 dubito,
481 1435 562 1514 quin
578 1430 723 1496 celerius
739 1433 800 1496 tibi
814 1427 880 1494 hoc
904 1453 1041 1505 rumor,

131 1526 234 1593 ullius
259 1530 411 1595 nostrum
433 1531 551 1596 literae
571 1537 770 1596 nuntiarint.
823 1530 923 1608 N'unc
946 1538 1064 1615 quonia

131 1626 241 1698 laudis
267 1631 441 1698 avidissimi
464 1631 596 1720 semper
623 1633 769 1706 fuimus,
809 1645 844 1699 et
866 1644 1002 1720 praetor
1028 1654 1064 1696 ce

132 1728 324 1813 φιλέλληνες
344 1747 379 1799 et
400 1733 532 1808 sumus,
554 1747 589 1799 et
610 1732 795 1808 habemur,
817 1747 852 1799 et
868 1733 1057 1799 multorum

133 1841 234 1914 atque
256 1839 438 1900 inimcitias
472 1834 677 1922 reipublicae
705 1833 801 1898 causa
834 1833 1056 1922 suscepimu33

133 1933 217 2020 volnt
231 1934 342 2022 αἱρετῆς
363 1929 548 2022 μιμνήσκεο,
567 1956 715 2018 curaque
730 1947 764 1998 et
780 1931 887 2007 effice,
900 1947 939 1999 ut
953 1937 993 1998 ab
1009 1957 1064 1999 ont

134 2045 170 2096 et
190 2032 370 2100 laudemur
391 2050 426 2101 et
448 2057 612 2101 amemur.
657 2023 720 2101 Hts'
754 2036 795 2100 de
819 2038 921 2101 rebus
945 2035 1042 2125 plura

133 2135 171 2199 in
188 2158 226 2199 ea
242 2126 379 2223 epistola
395 2135 559 2212 scribam,
582 2157 682 2224 quant
698 2133 756 2225 ipfi
774 2134 904 2226 Quinto
921 2131 1020 2201 dabo.

106 2243 125 2285 2
224 2232 286 2301 Tu
307 2260 379 2310 me,
403 2237 521 2313 velim,
553 2243 738 2305 certiorem
760 2238 881 2310 faciae,
912 2237 1057 2320 quidde

135 2335 302 2402 mandatis
329 2344 459 2426 egeris,
488 2351 589 2422 utque
611 2344 731 2414 etiam,
762 2338 843 2423 quid
868 2338 911 2402 de
931 2350 992 2403 tuo
1015 2362 1064 2425 ne:

80 2478 84 2486 -
136 2437 223 2502 Nam
242 2448 283 2504 'ut
303 2436 481 2504 Brundisio
503 2439 679 2526 profectus
710 2459 766 2513 es,
807 2437 918 2502 nullae
944 2439 1064 2507 mihin

135 2537 211 2603 sunt
239 2538 393 2606 redditae
422 2539 553 2605 literae.
597 2538 706 2619 Valde
729 2537 838 2608 haveo
864 2540 948 2608 scire
970 2544 1053 2629 quid

136 2640 223 2707 Idib.
258 2640 362 2707 Mart.

151 2845 272 2928 -Episb
302 2852 374 2911 XX.
433 2867 461 2910 t.
491 2843 621 2932 Asiatn]
679 2868 747 2910 non
782 2845 883 2908 solum
918 2848 1041 2930 Quinto

135 2950 230 3012 quam
239 2931 348 3014 postea
361 2936 526 3015 triennium
533 2953 625 3012 proe-
682 2937 801 2994 nnimos
816 2930 979 2995 hominum
996 2939 1027 2994 in
1042 2954 1064 3014 p

134 3031 187 3077 tor
209 3014 351 3079 obtinuit.
402 3018 462 3098 Ep.
482 3039 508 3079 1.
528 3015 583 3077 sib.
599 3017 623 3078 1.
682 3019 727 3078 cin
750 3017 914 3090 conciliet,
938 3017 993 3089 sed
1021 3022 1063 3078 eti

136 3102 179 3163 ad
198 3103 239 3184 ρ.
264 3104 313 3165 Fr.
336 3123 432 3184 quum
455 3103 489 3162 L.
511 3102 624 3162 Flacco
680 3096 780 3182 ipsum
817 3122 927 3162 eorum
962 3102 1064 3163 laudib

134 3183 324 3250 [ueceffiffet.
360 3188 447 3248 Orat.
462 3207 523 3265 pro
538 3184 626 3247 Flac·
682 3190 784 3248 amori
806 3188 1014 3247 commendet.
1057 3190 1064 3247 l

136 3267 418 3350 coot4.Corrad.
454 3267 625 3331 Perusiam
681 3268 908 3332 tiutexistimat
930 3270 992 3332 boc
1012 3292 1052 3332 eo

136 3371 241 3418 nutem
256 3356 438 3439 intelligitur
451 3353 504 3417 ille
517 3356 625 3417 Mino·
681 3375 775 3429 nere,
800 3355 890 3438 quod
905 3357 1016 3416 Cicero
1033 3361 1064 3416 Α·

135 3444 178 3503 rit
195 3436 285 3501 Atiae
301 3461 393 3521 pars,
417 3460 501 3521 quae
521 3461 540 3500 n
559 3440 629 3502 Ro·
684 3442 793 3522 Quinti
814 3441 915 3501 fratris
931 3440 1064 3523 legatum

136 3529 235 3587 inanit
248 3529 280 3585 in
294 3528 475 3606 provinciae
489 3525 626 3592 sormam
681 3544 751 3587 rum
768 3519 829 3585 osse
842 3531 986 3606 opinatus
1001 3523 1054 3600 sw,

137 3609 358 3673 orntredecttt.
406 3605 517 3669 Graev.
683 3624 789 3671 tomen
822 3616 1012 3689 provinciam
1051 3631 1064 3670 n

137 3693 627 3845 utttttttdtutt
682 3690 1064 3862 destituit

139 3868 262 3948 quentis
273 3863 406 3925 [lindis.
416 3865 487 3938 263.
499 3860 627 3926 carrad.
727 3876 755 3924 n.
771 3866 808 3922 de
824 3875 876 3923 tuo
891 3863 1026 3947 negotio]
1052 3866 1064 3924 t

179 3952 334 4008 laudemur
348 3959 378 4006 et
390 3947 545 4033 ornemur]
579 3954 627 4011 ni·
683 3948 786 4031 gendo
811 3951 1003 4033 nSicyonii⁸
1026 3970 1064 4033 pe

136 4037 249 4096 mirum
271 4038 353 4116 petit
380 4031 419 4094 nb
439 4036 564 4112 Attico,
591 4049 627 4094 ut
684 4029 804 4096 Manut.
1035 4044 1041 4056 ’
