2506 4808
185 316 248 393 aui
442 302 719 374 EPISTOLA
763 302 960 374 cxxnt.

188 518 264 562 cunr
280 491 419 579 Aquilio
439 493 661 559 confirmavit.
704 492 844 557 Videbis
870 514 954 582 ergo
978 492 1221 573 hominem‚s1

187 596 291 662 voles.
316 597 470 661 Macroni
487 601 543 661 vix
553 597 671 660 videor
684 593 814 682 praesto
824 591 897 657 elle.
920 594 1048 660 Idibus
1066 604 1165 662 enim
1179 618 1222 664 au·

188 702 334 763 ctionem
346 697 460 761 Larini
477 696 586 769 video,
606 710 639 760 et
656 696 796 759 biduum
814 708 1003 781 praeterea.
1027 698 1072 761 Id
1089 711 1143 773 tu,
1154 721 1222 783 quo

185 804 277 864 niam
290 798 488 863 Macronem
505 802 589 863 tanti
608 797 709 870 facin,
740 796 892 885 ignoscas
911 805 958 863 mi
988 798 1114 864 velim.
1161 799 1221 867 Sed

186 899 287 966 sime
316 900 445 988 diligis,
483 898 644 987 postridie
666 897 801 963 kalend.
824 918 909 961 cena
935 900 1030 985 apud
1065 924 1128 967 me
1154 924 1222 966 cum

184 1001 279 1069 Pilia.
322 1000 463 1067 Prorsus
491 1003 529 1066 id
558 1002 672 1067 facies.
717 998 855 1065 Kalend.
886 1005 1005 1086 cogito
1042 1008 1086 1067 in
1120 1003 1219 1068 bortis

188 1100 411 1189 Crasfipcdi3‚
430 1101 517 1184 quali
541 1108 576 1165 in
599 1098 800 1173 diversorio,
822 1121 953 1162 cenare.
1002 1101 1115 1169 Facio
1142 1098 1220 1171 frai-

187 1204 266 1268 dem
289 1202 421 1266 senatus
445 1200 608 1265 consultu.
652 1201 734 1265 Inde
759 1202 896 1266 domum
917 1214 1088 1277 cenatus,
1112 1204 1219 1279 uulitu

185 1324 284 1370 ruane
299 1301 431 1392 praesto
447 1302 579 1366 Miloni.
621 1302 673 1367 Ibi
697 1315 730 1365 te
750 1307 853 1390 igitur
867 1301 1014 1378 videbo,
1035 1318 1077 1369 et
1090 1328 1218 1392 promo

184 1407 283 1473 vebo.
327 1403 463 1469 Domus
486 1416 522 1467 te
544 1403 658 1469 nostra
683 1416 753 1468 tota
769 1401 901 1475 salutat.
1081 1402 1085 1407 ’

567 1546 834 1561 m

227 1617 386 1703 Aquillio]
430 1618 670 1692 Iurisconsulto,
727 1618 778 1677 die
800 1614 918 1678 senatus
946 1613 1152 1701 habebatu13
1174 1619 1219 1681 sed

183 1724 218 1769 ut
251 1705 286 1767 llt
316 1707 356 1786 Q.
380 1704 530 1785 Aquillius
562 1703 670 1764 Gallus
725 1707 757 1761 in
778 1702 873 1761 hortis
901 1698 1092 1766 suburbanis
1119 1704 1218 1769 Craffi-

183 1795 238 1877 qui
255 1793 414 1853 Ciceronis
432 1788 552 1875 collega
569 1792 671 1850 suerat
725 1788 814 1867 pedis
831 1791 936 1869 generi
950 1783 995 1846 sui
1011 1787 1218 1851 consistereet

182 1882 217 1941 in
229 1891 393 1960 praetura,
415 1890 451 1933 ut
464 1879 594 1935 inOrut.
608 1896 668 1954 pro
726 1892 836 1932 cenato
859 1870 965 1931 voluit.
1010 1874 1146 1936 Fraude
1169 1880 1218 1959 igi·

184 1962 330 2024 Cluentio
353 1982 379 2022 c.
398 1966 446 2026 15·
472 1977 503 2020 et
523 1960 563 2020 de
579 1957 670 2023 Offic.
706 1957 776 2015 'tur
802 1955 983 2037 subterfugit
1006 1959 1071 2019 SC.
1098 1980 1166 2041 quo
1190 1965 1217 2020 in

181 2046 237 2110 ΙΙΙ,
268 2069 294 2108 c.
318 2054 361 2124 ¹4·
725 2044 809 2101 sero
830 2040 975 2120 scripturn
1001 2058 1094 2116 erat,
1121 2061 1157 2105 ut
1180 2043 1217 2106 se·

224 2132 341 2209 praesto
387 2127 462 2211 esse]
508 2102 667 2189 Illacronia
723 2143 867 2198 aratores,
891 2128 991 2206 quiin
1005 2128 1092 2188 urbe
1111 2127 1217 2202 esseut,

182 2215 303 2279 causam
317 2234 382 2276 uon
391 2215 499 2273 videor
512 2210 600 2293 polle
615 2215 669 2273 de·

180 2303 319 2374 sundere,
336 2320 432 2380 quum
450 2302 585 2359 auctioni
594 2318 669 2358 con·

180 2388 328 2451 llituerim
343 2380 494 2445 iuteresse.
530 2379 669 2443 Fortasse

181 2491 286 2534 autem
309 2469 357 2529 vel
378 2488 482 2528 eruere
506 2471 668 2549 quippiam

181 2559 293 2620 Cicero
307 2552 433 2613 volebat
453 2557 484 2614 in
507 2558 666 2628 auctione;

177 2642 229 2704 vel
251 2641 290 2700 ad
313 2659 385 2699 eum
401 2637 556 2699 bonorum
574 2658 666 2716 para,

179 2746 262 2808 quae
277 2722 506 2794 vendebantur,
529 2743 565 2780 ex
580 2722 667 2780 bere·

179 2812 276 2871 (litato
307 2806 512 2887 pertinebat„
536 2808 667 2867 Heredi-

178 2912 257 2957 tatea
281 2897 361 2953 cuitn
387 2913 482 2970 quurn
507 2893 538 2951 in
559 2893 664 2972 plures

177 2976 273 3040 essent
289 2976 527 3056 dispertiendae,
551 2998 615 3057 quo
631 2979 664 3037 id

176 3067 266 3127 lieret
282 3061 493 3133 commodius,
519 3066 663 3121 auctione

177 3148 351 3210 divenditao
375 3151 406 3206 in
429 3151 594 3226 pecuniam
614 3167 663 3206 rc·

176 3234 370 3319 digebatntur.
415 3228 535 3289 llsnuul.

218 3322 297 3394 apud
321 3315 389 3399 trio]
430 3316 518 3377 donti
551 3334 659 3387 meae,

175 3425 270 3488 quum
293 3407 325 3462 in
341 3410 448 3462 urbem
463 3402 598 3460 rediero.

207 3489 295 3560 facto
312 3486 472 3568 frondem]
496 3487 602 3564 Quum
619 3481 633 3541 s
648 3516 661 3530 ·

172 3592 262 3638 natus
281 3573 468 3641 vocabatur,
493 3573 659 3639 lbnatoren

171 3665 336 3742 quierant
361 3663 393 3718 in
417 3655 513 3725 urbo,
557 3650 660 3713 adesse

170 3744 358 3806 iubebantur
394 3745 426 3799 in
452 3738 575 3810 senatu,
605 3742 660 3820 qui

170 3851 238 3892 non
258 3844 363 3899 eraut,
392 3823 492 3884 iuberi
513 3844 580 3884 non
598 3843 659 3904 po·

169 3930 281 3979 terant.
344 3913 455 3971 Cicero
487 3924 589 3968 autom
617 3928 658 3969 ne

170 4003 258 4061 citari
290 3994 408 4080 pollet,
447 3994 559 4054 urbem
591 4014 658 4054 non

168 4082 212 4147 cll
231 4079 379 4169 ingressus
400 4080 548 4141 Kalendis
556 4120 567 4154 ,
591 4099 657 4162 quo

723 2214 755 2271 in
772 2210 908 2270 senatum
928 2216 1047 2270 vocati.
1060 2220 1215 2286 venirent,

723 2317 790 2356 non
806 2293 997 2356 venientibus
1013 2301 1157 2381 pignora
1169 2320 1216 2360 au·

723 2383 887 2442 seruentur.
939 2376 1068 2442 Manat.

764 2466 879 2542 praesto
903 2460 1041 2551 Miloni]
1080 2490 1152 2532 non
1176 2475 1216 2530 iu·

723 2550 871 2632 telligitut
892 2549 941 2610 hic
956 2551 1094 2614 Milonis
1114 2555 1215 2626 causa,

724 2637 881 2696 aClodio
928 2635 968 2695 de
1000 2642 1031 2696 vi
1076 2639 1214 2701 accusati.

722 2721 804 2779 Nam
832 2742 869 2780 ea
894 2722 1003 2781 incidit
1030 2725 1066 2782 in
1103 2746 1214 2787 anuum

722 2803 923 2883 superiorem.
985 2807 1111 2886 Neque
1144 2830 1213 2871 vero

723 2889 762 2948 de
785 2894 916 2970 nuptiis,
948 2904 984 2947 ut
1004 2895 1143 2971 quidam
1163 2916 1215 2975 pu·

721 2989 837 3043 tarunt.
851 2974 978 3033 Milonis
994 2981 1215 3057 accipiendum

720 3057 771 3118 est.
810 3061 876 3118 Hae
893 3064 1213 3126 enimeruntXVlIl.

718 3142 788 3205 Kal.
811 3143 976 3204 Decembr.
1000 3146 1144 3210 suturae.
1178 3151 1213 3211 cl.

720 3250 768 3308 ep.
797 3249 862 3308 129.
928 3229 1012 3311 Ergo
1043 3231 1144 3295 aliam
1173 3233 1212 3294 ob

718 3311 838 3373 causum
867 3312 914 3372 vel
941 3318 973 3371 in
1004 3318 1052 3374 ius
1085 3336 1212 3380 vocatus

718 3414 785 3458 urat
801 3399 899 3472 Milo,
928 3398 977 3456 vel
998 3401 1175 3465 accusatua.

760 3487 845 3541 t'bs—
852 3485 1048 3568 promovebo]
1072 3492 1117 3547 ibi
1131 3488 1214 3570 apud

716 3568 880 3629 Milouem.
925 3569 1017 3627 Edidi
1039 3571 1162 3634 deinde
1178 3594 1214 3632 ex

717 3652 788 3711 edd.
805 3675 851 3731 pr.
871 3658 1052 3727 promovebo
1068 3679 1136 3735 pro
1146 3681 1213 3734 pro·

715 3742 836 3796 monebo
868 3739 956 3818 quod
988 3760 1004 3798 u
1032 3741 1133 3804 Bosio
1163 3740 1212 3804 est.

716 3817 898 3881 Promovebo
909 3820 966 3884 est:
982 3826 1059 3884 inde
1072 3843 1105 3886 te
1116 3830 1215 3890 dedu·

715 3928 784 3968 curn
814 3908 855 3967 ad
890 3928 942 3967 mo
969 3927 1141 3990 cenatum,
1178 3929 1213 3974 ut

714 4009 800 4054 recte
825 3991 957 4073 explicat
972 3994 1157 4060 Tunstallua
1181 4020 1211 4083 p.

714 4097 767 4161 97.
811 4074 940 4156 Ernesti.
