2506 4808
300 325 301 328 ¹
365 295 652 366 EPISTOLA
707 299 816 367 CIV.

1063 331 1104 394 73

67 477 262 557 liberalius,
287 505 383 568 quam
402 485 557 550 solebam.
603 485 700 573 Opus
717 499 807 560 erat,
834 485 906 553 fite
922 473 1103 572 haberem,

66 585 255 672 paullisper
268 587 374 651 fabris
389 586 503 652 locum
520 587 611 650 dare.
657 586 728 653 Sed
746 586 880 654 ethaeo
902 597 962 674 (ut
980 593 1100 682 spero)

65 690 163 754 brevi
184 693 276 751 inter
296 709 360 752 nos
378 688 717 754 communicabimus.

170 789 239 854 Res
258 803 370 852 autem
387 787 558 852 Romanae
581 786 623 851 lie
639 787 704 853 sese
722 788 858 856 habent.
902 790 1027 858 Consul
1046 795 1125 877 estu

64 896 222 978 egregius
242 890 425 963 Lentulus,
458 911 527 953 non
550 889 757 976 impediente
784 889 932 979 collega:
969 892 1029 968 fic,
1050 898 1098 960 in·

63 1012 182 1073 quam,
207 993 333 1065 bonus,
358 1003 394 1056 ut
411 988 587 1054 meliorem
602 1012 670 1054 non
688 992 844 1057 viderim.
887 993 970 1058 Dies
992 1003 1097 1063 comi·

61 1090 158 1155 tiales
184 1099 310 1157 exemit
331 1111 464 1157 omnes.
509 1089 595 1154 Nam
628 1097 728 1154 etiam
748 1091 888 1158 Latinae
914 1094 1096 1162 instauran-

59 1206 135 1262 tur:
162 1215 227 1257 nec
252 1207 365 1259 tamen
392 1194 534 1259 deerant
561 1190 833 1280 supplicationes.
877 1191 939 1263 Sic
960 1195 1094 1286 legibus

440 1454 710 1472 Μ

95 1620 128 1696 fi
158 1630 189 1678 te
221 1619 380 1702 haberem]
416 1622 550 1683 Videtur

58 1701 248 1786 significare,
267 1705 289 1764 si
305 1707 404 1765 fratria
422 1707 550 1768 faculta-

58 1792 142 1859 tibus
164 1795 209 1849 uti
230 1787 349 1868 pollet,
372 1812 453 1870 opus
469 1789 550 1864 elle,

57 1889 94 1934 ut
114 1872 193 1934 labri
208 1875 312 1953 plures
329 1874 550 1938 adhiberentur

58 1958 202 2018 aedilicio
224 1960 440 2022 accelerando.

102 2055 132 2120 4.
155 2043 293 2126 collega]
332 2047 455 2106 Marcio
479 2043 550 2106 Phi·

56 2128 160 2208 lippo,
184 2149 279 2210 quum
298 2128 350 2189 sue
367 2129 476 2210 sponte
490 2131 549 2191 bo·

56 2234 120 2286 no,
142 2229 226 2284 tum,
254 2229 288 2273 ut
311 2220 442 2294 opinor,
473 2237 548 2277 con·

58 2297 126 2362 filio
144 2303 275 2357 maxime
291 2316 386 2381 atque
402 2299 546 2382 exemplo

58 2385 107 2444 Μ.
140 2384 268 2442 Catonis
283 2426 295 2457 ,
344 2389 451 2468 generi
493 2385 545 2448 sui.

58 2465 181 2526 Manet.

100 2553 235 2636 exciuit]
267 2551 398 2623 sustulit,
427 2551 546 2627 effecit,

56 2660 98 2700 ne
119 2659 177 2716 per
198 2659 253 2698 eos
276 2639 346 2721 lege
364 2637 547 2723 agipolse13

56 2745 98 2784 ne
121 2722 233 2782 scilicet
249 2726 284 2783 C.
304 2727 383 2782 Ceto
406 2722 545 2783 tribunus

56 2811 100 2892 pl.
117 2830 192 2888 qum
207 2809 247 2866 de
264 2810 295 2867 P.
308 2806 439 2867 Lentulo
456 2810 544 2888 Spin·

57 2893 145 2954 there
168 2911 198 2951 et
221 2897 326 2952 Annio
352 2893 474 2952 Milone
493 2914 546 2954 ro·

56 2983 197 3062 gationes
213 2977 480 3062 promulgaverat,
494 2999 545 3039 eas

55 3065 196 3143 perserre
224 3058 332 3141 pollet.
375 3061 547 3123 Tolleban-

57 3164 108 3208 tur
138 3163 240 3206 autem
270 3146 439 3206 comitiales
461 3148 544 3218 diet,

57 3253 155 3313 quum
177 3231 241 3290 eliis
260 3225 448 3304 rationibus,
479 3248 545 3293 tum

55 3321 139 3377 seriis
167 3317 356 3385 indicendis,
396 3337 492 3393 quiam
514 3333 545 3379 et

57 3401 219 3462 comitialis
236 3416 266 3458 et
281 3399 371 3458 sellus
388 3399 451 3458 dies
462 3402 545 3462 idem

58 3485 197 3547 ellenon
219 3483 328 3564 pollet.
371 3481 491 3547 Manet,

99 3575 189 3629 eliam
210 3568 356 3652 Latinae]
383 3591 478 3651 quum
501 3570 546 3629 di·

56 3673 123 3729 cat,
146 3659 253 3726 etiam,
272 3655 387 3735 liquet,
412 3673 479 3714 non
498 3656 547 3715 in·

54 3740 224 3801 staurandis
242 3741 341 3799 modo
358 3741 472 3799 Latinis
496 3759 546 3797 ex·

56 3843 179 3908 emptos
204 3822 264 3885 esse
286 3847 302 3884 a
320 3824 452 3884 Lentulo
471 3826 546 3884 con·

54 3909 119 3972 sule
135 3910 304 3971 comitiales
315 3909 395 3979 dies,
411 3907 465 3967 sed
479 3907 542 3969 ali'o

55 4000 149 4055 etiam
174 4015 290 4077 genere
310 3993 543 4073 impedimenti,

55 4082 229 4143 cuiusmodi
250 4097 332 4151 erat,
362 4081 485 4154 servare
507 4082 545 4140 de

606 1625 697 1679 coelo.
738 1621 822 1682 Nam
844 1619 897 1684 etfi
915 1641 1014 1708 augur
1027 1643 1094 1692 nou

606 1723 672 1767 erat
683 1708 715 1765 M
719 1707 889 1780 arcellinue,
898 1707 973 1767 nibil
988 1725 1094 1776 tamen

606 1788 766 1863 obstabat,
783 1796 859 1873 quin
878 1813 938 1872 pro
956 1792 1094 1873 petella·

605 1892 637 1935 te
669 1874 862 1948 consulatus,
904 1874 1023 1938 servare
1050 1879 1093 1940 de
1212 1944 1215 1949 ,

605 1960 695 2023 coelo
717 1957 838 2039 pollet;
865 1961 952 2041 quod
983 1977 1092 2044 aperte

605 2042 794 2106 demonstrat
820 2045 908 2106 locus
932 2047 1091 2110 Ciceronis

603 2135 636 2190 iu
660 2128 792 2211 Philipp.
811 2129 849 2191 11.
877 2129 931 2194 ubi
953 2134 995 2193 eit
1017 2152 1093 2199 cou-

603 2214 681 2274 sulee
704 2213 752 2274 vel
781 2213 899 2274 facilius
922 2235 1016 2297 quarn
1038 2239 1092 2278 au·

604 2320 695 2383 gures
723 2296 862 2379 auspiciis
885 2304 1010 2361 comitia
1032 2306 1092 2365 im·
1192 2326 1195 2331 ·

603 2384 715 2464 pedire
735 2381 841 2464 polle,
864 2388 937 2464 quia
958 2405 1091 2469 augurer

602 2467 737 2528 habeant
751 2470 965 2526 nuntiationem
981 2468 1091 2544 solum,

602 2553 741 2614 'consules
762 2569 794 2612 et
810 2553 922 2634 reliqui
937 2552 1094 2635 magistra·

602 2655 650 2700 tus
667 2641 757 2698 etiam
765 2640 947 2714 spectionem
970 2635 1092 2702 Manet.

644 2722 857 2807 instaurantur]
879 2720 966 2805 quali
976 2726 1093 2786 sacien-

603 2807 649 2868 dis
685 2812 719 2867 iis
759 2824 813 2869 aut
844 2805 1092 2888 praetermissum

603 2893 722 2972 aliquid
754 2889 845 2966 esset,
890 2908 961 2964 aut,
1001 2895 1092 2973 quod

600 2997 667 3038 non
684 2992 867 3056 oporteret,
888 2976 1090 3042 commillum.

603 3061 724 3142 Quibus
740 3060 780 3120 de
794 3059 888 3122 caulis
908 3061 998 3143 saepe
1015 3064 1092 3147 legi·

601 3168 669 3205 rnus
698 3146 784 3226 apud
804 3147 944 3221 Livium,
979 3146 1092 3208 instau-

600 3247 686 3291 ratos
715 3227 775 3290 elle
795 3231 908 3291 ludos.
941 3229 1093 3294 lnllaura·
1160 3256 1162 3260 ·

601 3331 647 3375 tes
677 3335 779 3374 autem
810 3317 938 3376 decreto
964 3317 1093 3395 pontifi·

602 3422 671 3460 cum
692 3400 816 3460 Latinus
854 3421 890 3460 ex
916 3401 992 3458 Livii
1037 3400 1090 3464 lib.

600 3485 734 3547 XXXII.
751 3484 880 3563 planam
895 3483 947 3543 est.
967 3481 1089 3544 Manat.

637 3567 885 3651 stlpplicatlones]
907 3567 961 3628 edi
978 3572 1018 3629 ad
1034 3575 1093 3630 im-

588 3654 757 3735 pedienda
783 3659 907 3714 comitia
935 3653 1003 3714 satie
1031 3650 1092 3716 elle

600 3741 697 3800 videri
725 3754 869 3818 poterat,
907 3739 997 3818 quod
1023 3743 1092 3818 qui·

603 3825 675 3883 dam
712 3826 778 3883 diet
815 3823 1091 3902 supplicationibus

598 3911 719 3968 indictis
738 3910 962 3978 eximerentur,
985 3922 1092 3970 tamen

584 3991 821 4054 'Lentulus-tae
839 4007 1004 4053 contentus
1023 4011 1092 4058 nen

601 4095 678 4142 erui.
