2506 4808
238 324 558 401 errs‘rore‘
596 330 729 404 exv.
949 352 1016 431 292

88 516 280 596 ieconiilia
293 525 485 613 ¹inirentur)
501 533 558 586 aut
573 534 668 586 certe
681 527 778 589 vivus
796 523 1012 593 amitterem?

87 645 131 688 eo
155 619 284 709 scripsi,
298 634 346 685 -ut
367 627 482 708 potius
505 621 674 689 relevares
695 648 769 700 me,
796 627 890 710 quod
909 628 1011 704 facis,

98 737 161 789 aut
180 722 412 809 castigatione,
433 735 490 787 aut
511 728 745 814 obiurgatione
762 727 902 817 dignum
918 743 1012 816 puta·

89 847 185 910 oque
201 825 241 889 ad
257 839 292 888 te
307 829 417 889 minus
432 825 537 890 multa
552 827 676 904 scribo,
698 830 791 914 quod
806 843 839 896 ct
854 852 1012 896 maerore

87 935 165 1010 ior3
206 937 241 990 et
266 924 355 1008 quod
385 925 576 1015 exspectem
603 932 717 1006 istinc,
752 938 861 1022 magis
882 931 1011 1009 habeo,

90 1029 187 1113 quod
202 1026 270 1116 ipse
284 1025 437 1092 scribam.
483 1031 578 1124 Quae
596 1030 618 1096 fi
637 1045 737 1098 erunt
751 1031 866 1108 allata,
885 1032 1011 1098 faciam

87 1130 165 1195 esilii
190 1128 297 1196 nostri
318 1139 526 1197 certiorem.¹
571 1131 649 1208 Tu,
688 1145 728 1200 ut
751 1131 862 1199 adhuc
883 1133 1011 1210 fecisti,

89 1231 249 1320 plurimis
265 1230 309 1295 de
327 1235 429 1298 rebus
454 1236 493 1300 ad
510 1257 565 1300 me
579 1235 680 1300 velim
697 1235 838 1316 scribas;
862 1246 901 1300 ut
913 1256 1010 1323 pror·

87 1355 99 1398 e
122 1334 205 1418 quid
232 1339 401 1423 ignorem.
445 1334 525 1403 Dat.
547 1346 646 1403 xuu
669 1335 736 1402 kal.
759 1332 886 1428 Quint.¹
902 1334 1011 1404 Thes·

87 1456 150 1503 cae.

87 1629 360 1704 EPISTOLA-
390 1624 514 1703 LXV.
560 1631 681 1718 (Ate.
712 1631 794 1704 111.
822 1631 908 1720 ιι.)
956 1677 962 1684 -
994 1690 1004 1707 2

87 1842 93 1887 t
117 1791 354 1858 Thessalonicae
386 1795 443 1861 lv.
467 1793 539 1860 Kal.
569 1794 677 1878 Quint.
696 1755 744 1860 Ἀ.
766 1796 804 1859 U.
827 1797 863 1864 C.
892 1797 965 1880 695.

99 1949 135 2024 se
157 1950 251 2007 adhuc
271 1942 490 2035 Tleffalonicae
510 1950 650 2026 reticeri,
671 1949 766 2011 Attici
788 1972 909 2027 operam
923 1953 954 2013 in
971 1950 1009 2030 se

88 2052 148 2108 ndo
166 2052 326 2129 implorat,
355 2054 592 2131 obiurgationem
611 2056 798 2131 deprecatur.

205 2214 410 2303 CICERO
451 2233 697 2314 Arrmo,
738 2234 779 2303 s.

87 2386 117 2452 le
138 2398 172 2452 et
191 2398 269 2452 tuae
288 2385 425 2464 literae,
454 2389 644 2471 etquidem
669 2391 752 2454 boni
774 2393 902 2463 nuntii,
934 2412 1006 2457 non

87 2494 115 2553 is
139 2500 254 2551 tamen
280 2493 493 2564 auctoribus,
530 2502 565 2552 et
587 2489 788 2576 exspectatio
820 2488 1008 2553 vestrarum

87 2611 167 2661 um,
194 2603 229 2652 et
243 2589 333 2672 quod
348 2592 411 2657 tibi
433 2597 480 2655 ita
494 2590 684 2678 placuerat,
709 2588 818 2657 adhuc
835 2587 1009 2657 Thessalo-

96 2691 271 2756 tenebant.
315 2687 355 2756 Si
377 2713 540 2779 accepero
562 2691 696 2768 literas,
724 2712 805 2779 quas
829 2688 1005 2778 exspecto;

115 2795 183 2856 erit
200 2812 256 2865 ea,
277 2813 360 2876 quae
382 2797 576 2861 rumoribus
593 2795 814 2861 afferebatur:
837 2792 878 2857 ad
900 2805 934 2885 te
951 2813 1008 2857 me

87 2914 169 2976 ram3
190 2890 404 2973 sinocerit,
424 2897 593 2961 faciamte
612 2901 814 2971 certiorem,
834 2893 915 2983 quid
932 2913 1009 2983 ege·

358 3113 627 3129 m

88 3262 129 3324 etl
147 3264 209 3345 Qu.
230 3261 267 3323 fr.
288 3281 338 3342 ep.
351 3263 409 3336 63,
431 3269 462 3340 4.
519 3260 1009 3339 nuncamitterem,inquotamcn

87 3370 111 3408 ai
134 3345 259 3409 confilia
282 3346 401 3407 secutus
422 3347 463 3406 ad
518 3345 703 3425 particulam
717 3364 792 3403 ezunc
805 3364 916 3424 perum
933 3359 1009 3426 epte
1030 3352 1032 3356 '

87 3442 143 3492 Lem
164 3449 306 3505 venerat,
348 3447 383 3492 ut
411 3452 462 3513 ep.
518 3430 690 3490 inculcavit.
898 3499 902 3512 ,

87 3523 148 3580 ixit.
218 3513 345 3594 Ernesti,
561 3518 643 3596 quod
670 3515 836 3590 exspectem
854 3550 893 3565 -
916 3534 1010 3598 quam

87 3615 165 3661 certe
179 3606 262 3662 vivas
278 3600 461 3684 arnitrerem]
519 3600 622 3684 quod]
645 3599 771 3681 Vulgati
786 3601 860 3680 quid
874 3636 910 3653 -
924 3602 1008 3678 quid.

90 3704 159 3749 eret
186 3700 238 3745 out
271 3699 350 3751 certe
379 3689 461 3744 vivas
519 3685 616 3747 Male.
638 3684 675 3744 ln
690 3685 790 3745 altero
806 3681 1008 3747 Mll.Bolliol.

87 3777 229 3833 nitterem
257 3771 341 3833 sensu
370 3793 464 3851 repu·
519 3768 614 3830 habet
636 3772 737 3851 quod3
773 3786 911 3851 utroque
930 3770 1008 3831 loco

87 3906 97 3920 .
155 3861 363 3941 Negationem
402 3856 463 3916 tol·
519 3857 570 3917 ed.
586 3856 680 3914 Rom.
735 3849 863 3932 Ernesti.

87 3939 183 4004 nelle
205 3943 345 4003 viderunt
362 3941 461 4000 Mela·
561 3937 654 4016 Epist
669 3941 765 4002 LXV.
817 3960 843 3999 1.
862 3939 1009 4001 adteme

94 4030 236 4107 popm,
256 4025 372 4088 Bolius.
404 4027 463 4086 Hic
520 4023 695 4107 conferam]
726 4023 756 4084 h.
779 4043 804 4084 c.
827 4026 860 4082 in
878 4022 1010 4101 praedia

88 4111 208 4196 scripsit
221 4125 273 4171 aar
287 4125 366 4171 certe
379 4113 462 4171 vivus
519 4125 574 4171 tue
593 4114 627 4171 in
647 4111 756 4191 Epiro.
805 4104 899 4184 Ursin.
