2506 4808
356 319 636 389 EPISTOLA
682 320 792 390 LXI.
1024 336 1089 407 περ,

100 514 151 569 τ’ωη
167 515 306 575 omnium
332 507 553 574 miseriarum.
603 510 678 597 Ego
704 522 738 574 et
762 507 889 598 saepius
914 509 956 574 ad
977 520 1028 585 te,
1054 522 1090 576 et

100 602 168 694 psura
188 611 384 683 scriberem,
419 607 478 673 nifi
502 606 585 672 mihi
606 609 707 677 dolor
723 632 821 676 meus
844 632 947 694 quum
968 632 1088 678 omnes

94 723 180 796 partes
196 717 338 784 mentis,
360 723 432 801 tum
452 715 600 773 maxime
617 709 718 775 huius
734 718 870 799 generis
894 713 1089 783 facultatem

91 811 241 878 ademisset.
286 812 411 876 Videre
439 821 473 874 te
499 815 610 900 cupio.
654 811 745 878 Cura
772 823 812 876 ut
840 813 963 881 valeas.
1006 816 1088 881 Dat.

87 915 153 1003 pua.
168 915 233 981 kal.
254 915 337 982 rrae
351 910 528 980 neuneu.

132 1117 409 1195 EPISTOLA
457 1124 558 1193 LXI.
626 1113 699 1211 (ad
732 1122 826 1192 Att.
858 1122 932 1192 111.
960 1120 1014 1212 8.)

169 1289 236 1351 Ser.
252 1283 490 1352 Thessalonicae
507 1283 562 1346 tv.
578 1282 649 1346 Kal.
663 1285 734 1346 Jun.
748 1283 786 1344 A.
801 1284 839 1345 U.
856 1285 892 1346 C.
906 1247 981 1367 695.

87 1425 297 1500 'oslicitrdc'n'em
312 1439 400 1516 snam
413 1437 530 1509 fratris
542 1437 674 1513 periculo
690 1429 798 1514 augeri
812 1438 923 1512 scribit.
941 1458 967 1499 r.
1010 1434 1089 1499 Atti·

104 1545 130 1602 cs
149 1545 291 1620 epistolae
312 1543 483 1618 respondet,
508 1560 537 1599 a.
579 1541 614 1615 se
638 1541 785 1596 anulariam
802 1540 925 1614 suorum
945 1545 1091 1603 memoria

103 1656 132 1704 ot
146 1655 228 1703 metu
249 1646 286 1702 de
299 1639 405 1712 fram
427 1642 624 1718 inscribendo
649 1642 790 1715 impediri
802 1638 923 1711 fatetur
944 1654 977 1717 3.

273 1820 479 1890 CICERO
529 1818 779 1897 ATTICO,
815 1822 874 1892 2S.

139 1974 305 2042 Brundisi
328 1973 546 2067 proficiscens
572 1971 768 2063 scripseram
788 1975 829 2040 ad
852 1990 905 2052 te,
938 1996 1020 2062 quas
1044 1981 1090 2046 ob
1165 2066 1168 2070 Δ

87 2076 225 2143 :ausasin
236 2080 379 2166 Epirum
396 2099 467 2144 nou
485 2075 629 2142 essemus
643 2077 809 2164 prosecti3
831 2078 923 2161 quod
937 2091 970 2144 et
978 2075 1089 2146 Acha-

87 2198 220 2267 aprope
245 2176 325 2244 esset
346 2178 446 2267 plena
467 2174 758 2241 audacissimorum
780 2184 1015 2256 inimicorum,
1054 2193 1089 2247 et

87 2285 174 2345 exitiis
192 2277 348 2345 difficiles
368 2277 526 2352 haberet,
557 2300 660 2360 quum
680 2278 759 2342 inde
783 2277 1088 2367 proficisceremur.

87 2379 230 2457 Accessit,
250 2403 355 2468 quum
371 2378 574 2473 Dyrrhachii
590 2378 752 2451 essemus,
777 2391 817 2444 ut
830 2380 899 2467 gsuo
913 2388 1024 2449 nuntii
1045 2383 1090 2446 as·

87 2466 250 2566 sorrentum
272 2505 378 2558 unm,
406 2481 504 2546 classe
527 2483 668 2546 fratrem
692 2477 823 2566 Epheso
844 2479 1019 2562 Athenas3
1047 2483 1090 2547 al·

87 2592 142 2657 ter,
170 2586 314 2672 pedibus
331 2606 393 2672 per
407 2583 642 2647 Macedoniam
657 2585 782 2645 venire.
824 2582 941 2665 Itaque
959 2584 1009 2649 illi
1033 2587 1090 2650 ob·

88 2687 154 2748 tiam
169 2683 316 2750 misimus
333 2683 507 2771 Athenae,
538 2697 576 2748 ut
597 2683 677 2748 inde
704 2679 977 2748 Thessalonicam
1000 2692 1090 2753 veni·

90 2796 136 2847 ret.
172 2785 233 2875 Ipsr
248 2783 485 2873 procesfimuS‚
512 2797 546 2849 et
564 2781 838 2849 Thessalonicam
859 2805 887 2847 a.
915 2785 949 2848 d.
970 2805 999 2850 x
1020 2786 1090 2851 tal.
1136 2822 1140 2828 ·

92 2876 144 2948 Jun.
161 2892 331 2967 veninrus3
365 2907 474 2968 neque
491 2885 534 2949 dc
555 2886 645 2951 illius
664 2891 786 2950 itinere
808 2891 987 2971 quicquam
1003 2894 1091 2954 certi

93 2975 289 3062 habebamus,
313 2986 371 3052 nisi
396 3009 472 3050 eum
489 2989 530 3051 ab
544 2984 675 3074 Epheso
692 3001 768 3052 ante
790 2987 961 3072 aliquanto
979 2990 1092 3076 profe·

94 3093 173 3151 ctum.
216 3087 339 3163 Nunc,
357 3087 429 3152 istic
451 3088 530 3171 quid
552 3102 684 3174 agatur,
708 3111 830 3177 magno
847 3111 950 3176 opere
966 3097 1090 3175 time03

94 3200 269 3276 quamquam
298 3202 337 3254 tu
365 3190 468 3257 altera
493 3189 630 3277 epistola
656 3189 774 3255 scribis
798 3189 846 3256 id.
870 3192 950 3260 Mai.
975 3195 1094 3271 audiri,

447 3416 715 3431 Μ

90 3566 439 3641 reraraumonralijj'em.
465 3554 552 3626 sdem
652 3566 736 3650 istic]
776 3568 910 3631 Romae.

89 3663 127 3728 tp.
140 3653 185 3712 62.
204 3653 270 3713 aliis
291 3653 391 3711 verbis
413 3655 554 3731 exprimi·
652 3674 759 3730 taragna
775 3676 864 3729 opere
879 3658 984 3741 timeo]
1007 3662 1096 3718 time·

87 3743 133 3798 tur.
171 3740 318 3799 Ceterum
333 3737 396 3811 scio
419 3757 478 3815 pro
505 3757 552 3794 ne·
610 3733 676 3808 bat,
694 3759 734 3798 ne
750 3746 817 3818 quir
833 3741 987 3803 accusaret
1005 3764 1097 3822 repe·

87 3819 129 3881 scio
142 3826 200 3882 sam
216 3819 371 3882 Emestius
386 3821 496 3880 etedd.
505 3842 555 3901 pr.
612 3824 828 3907 tundarqu.
836 3827 959 3888 fratrem
978 3846 1096 3905 expro-

87 3905 162 3968 hom.
175 3906 253 3968 Jens.
276 3906 341 3966 aliis
357 3904 494 3964 restituit.
612 3910 712 3968 vincia
728 3909 912 3973 redeuntem
933 3933 983 3995 ep.
998 3914 1050 3986 62,
1067 3932 1095 3974 1.

106 3991 197 4072 Epist.
208 3991 288 4051 LXI.
310 3990 556 4075 1.pedtbos]ter·
615 3988 737 4053 Manat.

87 4074 157 4143 'estri
176 4082 299 4143 itinere.
