2506 4808
489 279 770 385 ee'rsroua
815 316 908 383 ex.

188 334 251 381 100
286 354 290 365 ·

188 518 421 585 quemcunque
433 494 598 563 heredem
611 496 714 565 fecit?
734 497 958 569 nifiPublium
976 504 1098 572 feeit?
1118 528 1221 575 vernn

188 602 268 669 iecit
283 622 351 667 nun
376 599 587 687 improbum3
621 621 821 684 quamquam
840 603 907 669 fuit
921 605 1010 695 ipse.
1060 608 1224 699 Quereia

187 702 254 771 huo
273 700 406 769 thecam
429 706 652 771 nummariam
674 724 744 767 nou
767 710 953 789 reteuerim
997 714 1038 775 in
1065 708 1146 785 aliie
1167 717 1224 781 erit

190 811 329 873 cautior.
371 804 449 869 Men
467 802 623 868 mandata
637 802 680 867 de
695 802 796 867 durno
812 809 963 872 curabis:
988 809 1167 897 praefidia
1186 811 1223 878 le

185 1146 222 1191 re
235 1122 326 1195 velit,
351 1140 452 1202 teque
471 1122 618 1181 incertam
635 1136 673 1179 ee
727 1120 904 1179 munitatem
920 1117 1139 1191 vehementer
1159 1126 1224 1191 Μ,

186 1208 314 1273 dubiam
335 1204 396 1267 eiie
412 1204 500 1265 iruiur
523 1206 674 1282 pecuniae
729 1202 845 1265 darem.
887 1206 1004 1285 Iraque
1020 1217 1225 1288 porimcia.

184 1291 320 1357 Metello
331 1289 466 1351 creditae
476 1287 673 1357 solutionem,
728 1307 836 1347 runem
850 1286 900 1349 hic
914 1288 996 1352 serio
1018 1294 1170 1363 iocorum
1185 1323 1224 1363 er.

186 1374 433 1439 eeiiCicerouie
454 1372 594 1452 periculo
608 1392 673 1433 cre·
728 1371 836 1433 bitror.
879 1376 1020 1439 Atticum
1036 1402 1164 1466 nempe
1177 1389 1225 1467 qui

187 1462 273 1523 ditae
296 1454 436 1538 iuiffeut3
466 1457 563 1538 idque
579 1456 674 1517 Erne-
728 1459 840 1519 veritur
860 1473 948 1531 eret,
985 1482 1030 1524 ue
1051 1463 1117 1529 iibi
1139 1490 1224 1552 penu·

185 1541 258 1607 iiiue
279 1562 318 1605 eo
333 1545 439 1612 traxit,
457 1540 547 1623 quad
560 1542 672 1603 Cicero
727 1544 778 1603 uie
808 1540 941 1603 Metello
968 1564 1063 1611 nunc
1100 1571 1223 1619 mortue

186 1626 306 1695 [eluere
332 1647 397 1688 uon
424 1623 585 1706 pomisscr,
618 1630 673 1707 qui
730 1626 844 1687 credita
866 1633 1001 1707 periret,
1023 1637 1223 1713 consoletur,

186 1728 251 1777 tutu
266 1715 416 1796 pecuniae
428 1714 534 1791 inopia
551 1710 673 1771 labora·
730 1716 835 1791 aitqua
867 1712 943 1773 nihil
985 1720 1015 1776 ei
1054 1724 1223 1789 verendum

185 1815 245 1863 ret.
288 1799 379 1878 Quee
402 1794 515 1859 deiude
541 1792 673 1877 sequun·
730 1792 809 1873 elim
838 1802 990 1877 quonium
1012 1806 1087 1869 etur
1110 1806 1222 1873 heredi.

185 1897 237 1947 tur
250 1878 355 1945 uonna
374 1885 415 1942 ite
436 1885 672 1961 iuterpretatur:
728 1895 774 1957 tae
787 1901 852 1941 non
868 1884 908 1941 ad
921 1887 1116 1965 improbum
1134 1916 1222 1977 quer·

186 1970 265 2115 {iud
285 1971 415 2036 vereris,
453 1984 673 2046 quemcunque
728 1967 1222 2055 demdevenerit;(l'equ0„ffi

225 2053 335 2115 eteliue
358 2051 505 2113 heredem
520 2052 611 2121 t'eeit,
631 2071 672 2111 ue
728 2050 806 2110 lunii
826 2052 994 2113 lectionem
1018 2062 1141 2129 OMet.
1159 2086 1222 2127 m.

186 2141 212 2199 it
241 2137 351 2200 scilieet
379 2134 582 2196 hereditatem
607 2153 672 2195 non
728 2148 808 2205 tem,
839 2139 1023 2212 improbum,
1056 2166 1125 2224 pro
1145 2151 1220 2233 ⁹⁸¹8·

187 2238 303 2294 cernat,
317 2220 405 2304 quod
414 2241 481 2280 eam
494 2216 672 2281 damnosam
729 2220 879 2299 improbe)
898 2240 929 2283 et
943 2225 1060 2289 rerba:
1084 2238 1222 2313 qumi.

187 2307 350 2380 existimet,
368 2302 423 2367 uifi
439 2304 672 2365 furtePubiium
727 2306 780 2363 huc
802 2308 913 2365 thecam
935 2321 1148 2379 autumaria'm
1171 2341 1223 2381 m

186 2389 334 2453 heredem
359 2391 451 2451 iecit?
491 2391 563 2451 Non
591 2393 673 2450 euim
728 2395 874 2449 retexerit
900 2396 942 2452 ita
964 2404 1115 2477 accipio:
1144 2404 1223 2467 mihil

187 2478 356 2538 verendum
371 2474 423 2545 est,
444 2472 494 2535 sed
509 2494 567 2551 pro
585 2488 671 2533 certo
729 2495 808 2554 opus
825 2475 866 2536 ett
880 2493 913 2538 ut
927 2499 1047 2542 exarca
1064 2501 1125 2549 tua
1137 2489 1221 2551 aliare

186 2559 382 2630 habendum,
417 2563 570 2618 nemiuem
602 2578 672 2618 eem
727 2566 889 2639 pecuniam
913 2563 1091 2643 depromar
1116 2576 1162 2635 nd
1183 2580 1222 2637 i.-

186 2643 389 2706 hereditatem
406 2645 570 2714 aditurum,
581 2664 671 2722 prau-
728 2661 845 2705 cruram
860 2646 939 2707 illins
954 2659 1119 2727 pecuniae
1133 2658 1222 2723 refir-

187 2744 235 2793 ter
248 2729 412 2799 Clodium,
439 2733 492 2808 qui
511 2748 582 2787 aere
599 2728 671 2787 alie·
727 2734 885 2805 ciendam3
902 2737 1128 2803 numerabitur
1144 2750 1222 2807 enim

183 2832 227 2875 uo
250 2834 345 2895 quum
369 2827 452 2873 tome
470 2809 504 2872 su
522 2813 670 2882 obrutus,

184 2897 301 2959 nuliam
325 2902 519 2978 quantumvis
540 2898 672 2957 damno·

184 2980 244 3044 sem
260 2984 476 3064 repudiaturus
492 2979 534 3042 est
551 2982 671 3042 heredi·

184 3083 289 3129 tatem.
316 3069 538 3127 Verumtamen
553 3071 671 3144 impro-

185 3150 225 3212 be
239 3172 303 3213 non
318 3154 388 3213 iecit
402 3152 563 3223 Meteilus,
581 3152 669 3232 quod

185 3234 307 3298 affinem
324 3236 407 3296 suum
421 3235 568 3298 heredem
587 3240 668 3307 iecit,

184 3341 277 3403 quem
306 3320 418 3382 sciebat
440 3339 525 3382 certo
549 3320 669 3381 heredi·

183 3421 277 3468 tatem
302 3405 382 3465 inam
406 3408 578 3477 aditurum,
613 3411 669 3465 ita·

727 2815 782 2874 tibi
798 2814 837 2875 ab
855 2813 968 2877 herede
985 2823 1126 2890 Metelli.

769 2902 879 2959 inullis
896 2907 953 2960 eris
963 2908 1101 2991 cautior]
1116 2933 1222 2993 quent·

727 3004 821 3065 quam
852 2985 906 3047 tibi
943 2994 1120 3054 verendum
1159 3018 1222 3061 uun

727 3067 788 3137 eli,
823 3090 864 3131 ne
891 3079 1059 3149 pecuniam
1082 3082 1220 3145 Meteiiu

725 3170 864 3215 mutuum
883 3157 985 3216 datam
1009 3157 1154 3239 perdite,
1179 3184 1221 3227 tt·

725 3259 812 3309 men,
849 3242 935 3320 quod
958 3241 1023 3302 fieri
1047 3250 1220 3324 pontificu,

726 3343 821 3403 quum
839 3330 893 3384 tibi
906 3346 968 3387 non
986 3326 1055 3390 satie
1072 3335 1219 3405 cauiil'et.

725 3425 759 3466 ut
780 3407 862 3468 iiiam
887 3411 1054 3489 perderet,
1093 3421 1130 3478 in
1157 3422 1220 3481 niiie

184 3510 247 3573 que
266 3489 355 3551 haine
379 3495 422 3550 rei
438 3490 525 3552 ciaui'n
545 3511 585 3552 ne
604 3489 668 3549 the·
724 3493 1219 3581 ubidiligentiuse.nhypotheca

182 3597 248 3637 cem
263 3580 433 3636 numerium
444 3580 596 3644 retexerit,
613 3579 630 3636 i.
640 3596 667 3639 e.
725 3594 778 3638 eut
795 3578 989 3657 i'poui'uribue
1005 3585 1153 3659 cavebit,
1173 3589 1219 3649 vel

182 3666 339 3742 aperient,
357 3680 388 3720 m
407 3668 667 3721 ineamnummoa
725 3666 854 3724 omnino
869 3685 933 3725 non
951 3667 1035 3744 apud
1050 3673 1218 3751 improbar

179 3747 267 3806 indm
284 3748 337 3807 tibi
354 3746 471 3806 debitas
489 3767 505 3805 a
522 3746 667 3817 Metello,
722 3753 887 3826 pecuniam
901 3754 1027 3812 l'oeuori
1041 3752 1177 3820 locabis.

177 3835 198 3891 ii
219 3836 299 3891 enim
317 3830 371 3891 tibi
393 3837 560 3908 perierunt.
605 3831 667 3890 He·
765 3835 913 3909 praeji'dia
936 3837 1067 3919 locabis]
1105 3844 1218 3905 edver-

179 3931 284 3976 etenus
314 3910 429 3974 Bosme.
472 3914 534 3975 Sed
563 3915 667 3975 fateor
725 3915 770 3977 sut
800 3920 904 3979 Clodii
934 3924 1090 4000 impetur,
1136 3948 1217 4009 quot

177 4021 229 4060 me
243 4000 295 4060 iila
311 4004 430 4079 εἰρωνείᾳ
451 3997 481 4058 h.
500 3999 519 4060 1.
532 4019 597 4060 non
612 4000 666 4058 de-
724 4004 806 4062 sorte
821 4004 923 4065 iacere
939 4004 1032 4085 potiit
1050 4013 1083 4068 in
1101 4032 1217 4086 meam,

175 4082 303 4160 lectari;
320 4088 353 4144 in
367 4104 430 4166 que
438 4085 598 4167 Ciceronie
609 4083 666 4147 lm.-
724 4108 807 4169 quee
830 4089 1027 4166 aediiieatur,
1048 4093 1201 4161 domum.
