2506 4808
187 353 192 361 -
276 310 563 391 netston'A
594 322 765 395 cxxv.
972 316 1043 413 sii

85 516 190 598 eique
207 509 425 576 commendo·
479 504 581 601 Quod
595 503 649 588 te,
669 518 706 579 ln
721 524 816 579 tanta
831 512 1030 597 hereditate,

86 621 165 679 mni
189 617 413 702 occupatione
446 612 625 697 expedisti,
663 612 758 680 valde
785 613 868 680 mihi
896 633 1029 704 gratum

98 714 209 806 Quod
224 712 399 780 facultates
418 718 492 776 tuas
511 712 554 776 nd
570 732 680 780 meam
695 714 831 782 salntem
846 718 1031 805 polliceris,

86 817 213 881 onibus
228 812 330 881 rebus
350 824 415 878 ate
431 820 566 900 praeter
582 829 720 882 ceteros
734 820 847 882 iuver:
869 816 909 884 id'
928 844 1037 906 qnam·

93 915 136 980 fit
157 917 376 1004 praesidium,
416 912 531 997 videm
572 917 808 1005 intelligoque,
840 917 878 985 te'
904 924 1029 992 multae

86 1037 111 1083 es
140 1036 237 1083 meae
258 1017 370 1084 salutis
394 1029 429 1082 et
448 1013 640 1103 suscipere,
680 1032 713 1084 et
733 1020 824 1108 posse
849 1020 1030 1101 fitstinere,

89 1142 129 1195 e,
152 1130 193 1184 ut
207 1127 254 1186 ita
272 1118 393 1194 facias,
415 1120 606 1205 rogandum
623 1114 697 1183 elle.
742 1119 846 1210 Quod
863 1144 917 1188 me
933 1137 1027 1192 vetas

86 1241 179 1308 lnam
202 1218 356 1313 suspicari
373 1211 526 1284 accidisse
549 1214 590 1281 ad
615 1223 763 1285 animnni
783 1236 899 1298 tuum,
936 1204 1039 1310 quod*

86 1349 90 1388 t
106 1343 197 1389 ame
213 1343 294 1412 erga
307 1332 341 1386 te
357 1314 583 1392 commissum,
612 1330 669 1384 aut
691 1320 960 1409 praetemn'lsum
982 1328 1029 1394 vi·

86 1440 154 1500 tur,
176 1442 289 1513 geram
308 1425 368 1487 tibi
383 1438 532 1494 morem,
554 1433 588 1489 et
602 1421 772 1489 liberabor
786 1424 846 1492 ilta
868 1445 965 1494 cura:
988 1434 1028 1493 ti·

86 1546 161 1592 men
180 1548 222 1591 eo
233 1525 308 1614 plus
327 1525 455 1596 debeo,
476 1540 543 1606 quo
559 1534 617 1585 tua
635 1527 673 1587 in
691 1544 745 1613 me
760 1522 949 1594 hnmanitas
963 1524 1037 1595 fuit·

86 1622 184 1701 lfior‚
208 1645 306 1710 quam
323 1626 358 1689 in
372 1637 407 1687 te
423 1646 508 1687 men.
549 1618 679 1699 Velim,
698 1629 786 1711 quid
806 1630 931 1705 videas,
946 1629 1036 1713 quid.

86 1732 181 1818 ligas,
205 1727 285 1811 quid
304 1734 433 1814 agatur,
454 1725 495 1789 ad
512 1743 567 1788 me
583 1722 724 1792 scribas:
745 1742 891 1814 tuosque
907 1748 1027 1796 omnes

86 1831 201 1899 ›ltram
224 1827 360 1894 salutem
376 1825 571 1893 adhortere.
616 1822 761 1917 Rogatio
782 1829 893 1896 Sextii
915 1850 1028 1915 neque

87 1936 175 1999 itatis
199 1931 278 1997 satis
303 1928 422 2004 habet,
455 1932 520 1995 n'ee
544 1932 722 1995 cautionis.
767 1925 854 1995 Nam
874 1940 908 1995 et
922 1936 1029 1996 nomi·

87 2058 101 2099 1
122 2032 209 2098 ferri
229 2042 384 2120 oportet,
409 2031 499 2097 etde
520 2030 617 2097 bonis
634 2031 828 2120 diligentius
852 2031 967 2097 scribi:
992 2045 1028 2097 et

87 2135 301 2201 iimadvertas
324 2130 436 2199 velim.
479 2131 559 2197 Dat.
586 2151 653 2195 1111
673 2154 756 2197 non.
774 2132 901 2200 octob.
920 2126 1027 2201 Thei-

87 2258 173 2303 icae.

381 2460 648 2482 w

100 2647 189 2698 tanta
219 2630 404 2718 hereditate]
449 2655 485 2696 ex
540 2627 644 2719 legem
666 2628 830 2717 abrogari,
851 2652 933 2719 qnae
953 2632 1037 2698 eliet-

87 2729 203 2803 accepit
231 2726 350 2783 circiter
371 2724 484 2781 centies
541 2726 572 2779 in
595 2725 717 2800 privum
747 2722 907 2782 hominem
943 2722 1027 2794 doto,

87 2810 193 2889 Nepos
205 2812 236 2867 in
252 2813 322 2868 vita.
344 2798 464 2866 Manui.
541 2807 646 2885 (quod
672 2806 865 2891 privilegium
895 2807 1028 2868 vocabo·

87 2886 122 2979 t]
164 2893 269 2975 Vulgo
282 2889 404 2960 fuerim
431 2886 485 2950 sed
541 2896 602 2968 tur)
623 2909 683 2950 nec
704 2895 880 2952 centannis
902 2890 954 2952 sed
974 2895 1028 2952 tri·

87 2981 261 3041 indicativus
278 2981 454 3057 requiritur·
541 2973 623 3034 butt·
651 2980 782 3037 comitile
810 2978 941 3057 perlata.
990 2975 1028 3037 ld

87 3055 241 3144 ninatim]
277 3063 387 3122 Cicero
397 3062 486 3120 nimi·
542 3061 655 3119 Cicero
669 3079 764 3142 negat
780 3061 936 3144 dignitatis
956 3056 1028 3122 satio

89 3149 267 3229 exemplum
294 3147 410 3228 legeint
433 3165 485 3205 ro·
541 3142 676 3216 habero,
710 3149 798 3227 quod
822 3146 1045 3227 suspicionem

88 3234 189 3294 niodo
211 3231 391 3314 abrogando
413 3230 485 3313 lego
541 3247 641 3289 metuo
657 3231 816 3290 cuiusdam
834 3252 874 3290 ne
897 3232 1028 3292 Clodius

88 3327 111 3379 in
142 3341 158 3379 n
191 3320 294 3376 Sextio
318 3317 484 3386 ferendae,
542 3311 765 3389 offenderetur,
788 3317 928 3397 prodero
946 3317 1029 3377 vide·

88 3407 162 3464 dum
196 3408 276 3464 enim
307 3401 369 3460 lata
399 3403 482 3478 crat)
540 3399 641 3460 batur.
863 3412 866 3423 ·

106 3491 230 3549 videtur
256 3492 297 3546 ito
330 3501 483 3564 concepto
573 3478 678 3565 ferrc']
722 3481 773 3542 Sic
789 3480 908 3556 meiius,
932 3500 1028 3565 quom

88 3620 90 3637 .
106 3591 142 3634 nt
158 3571 419 3652 neqneClodium
430 3589 483 3630 ne·
539 3585 575 3628 ut
589 3569 683 3650 vulgo
702 3566 908 3637 editurserre.

88 3661 266 3720 liceronem
294 3661 482 3725 nominaret,
583 3649 738 3737 debonis]
778 3653 924 3716 Ciceroni
943 3648 1028 3714 resti·

88 3761 186 3808 mlum
206 3741 344 3803 universo
362 3743 485 3801 luberet
540 3740 673 3801 tuendis.
