2506 4808
166 314 232 387 55,
393 290 700 389 rrrs‘rora·
729 292 998 367 ctxxrrr.

171 487 261 553 enim
277 478 393 550 verbis
409 486 477 549 tuis
498 478 582 546 mihi
595 484 778 549 nuntiarat.
821 478 937 549 Valde
955 486 1030 551 iam
1046 480 1173 555 lautae
1183 504 1222 562 et,

171 591 229 672 qui
250 605 393 674 gravere
424 582 540 648 literas
573 580 616 647 ud
638 603 692 647 me
714 580 816 659 dare,
855 577 1004 652 homini
1023 586 1221 675 praesertim

168 709 279 779 prope
303 680 499 751 domestico.
539 681 642 773 Quod
662 678 684 747 si
706 678 851 749 scribere
870 682 1006 751 oblitus
1029 706 1095 754 es:
1119 694 1220 757 minut

170 788 367 862 enutritam,
388 798 422 849 te
451 783 630 858 advocato,
653 778 748 851 causa
761 786 899 851 cadent.
946 782 1019 853 Sin
1044 788 1159 857 nostri
1172 792 1221 857 ob·

171 886 254 956 litus
277 908 333 953 es:
368 886 455 950 dabo
477 906 633 972 operam,
660 897 699 951 ut
722 882 807 951 istuc
831 891 970 953 veniam
996 902 1111 966 ante,
1131 913 1220 976 quam

172 990 272 1084 plane
295 1007 339 1055 ex
362 991 474 1052 animo
497 999 558 1051 tuo
581 982 693 1051 effluo.
737 982 802 1053 Sin
825 985 1044 1056 aestivorum
1071 998 1178 1067 timor
1192 1007 1219 1059 te

173 1088 345 1156 debilitat:
392 1085 517 1172 aliquid
541 1089 719 1174 excogita,
759 1099 799 1153 ut
823 1085 933 1155 fecisti
961 1088 1011 1157 de
1035 1090 1218 1163 Britannia.

173 1188 263 1257 lllud
281 1188 419 1277 quidem
441 1186 649 1275 perlibenter
663 1186 775 1254 audivi
798 1207 842 1252 ex
862 1188 993 1255 eodem
1010 1192 1218 1289 Chrysippo,

173 1303 209 1359 te
238 1288 303 1357 esse
319 1285 456 1357 Caesari
486 1284 694 1352 familiarem.
738 1284 812 1355 Sed
835 1286 1045 1361 mehercule
1071 1298 1218 1374 mallem,

172 1392 212 1463 tt
233 1390 327 1479 quod
356 1402 430 1456 erat
453 1391 612 1471 aequius,
657 1386 701 1451 de
721 1391 790 1454 tuis
812 1392 918 1458 rebus
941 1416 987 1461 ex
1011 1405 1091 1467 tuis
1118 1402 1217 1471 liteu's

175 1514 276 1579 quam
305 1485 484 1577 saepissime
517 1484 732 1575 cognoscere·
774 1487 875 1581 Quod
897 1507 1001 1560 certe
1035 1507 1090 1569 ita
1116 1502 1217 1581 lieret.

174 1592 198 1660 si
223 1606 262 1657 tu
282 1588 449 1657 maluisses
476 1587 739 1665 benivolentiae,
761 1611 860 1676 quam
880 1592 999 1663 litium
1023 1606 1106 1672 iura
1121 1609 1219 1697 perdi.

175 1692 280 1761 scere.
326 1688 397 1758 set
422 1689 503 1757 haec
525 1696 629 1757 iocati
648 1691 782 1768 sumus,
802 1705 836 1759 et
858 1707 919 1763 tuo
939 1722 1068 1779 more,
1091 1721 1130 1774 et
1148 1733 1218 1777 nou

175 1791 260 1862 nibil
284 1799 385 1859 etiam
407 1792 532 1859 nostro.
585 1788 640 1858 Te
662 1790 757 1860 valde
781 1815 948 1873 amamus,
988 1824 1136 1892 nosque
1157 1825 1217 1879 ate

178 1900 282 1961 amari
303 1916 408 1981 quum
424 1894 602 1969 volumus,
624 1906 698 1959 tum
720 1899 822 1961 etiam
842 1898 1076 1973 confidimus.

559 2158 829 2180 *aa

212 2362 362 2452 scribere]
407 2363 542 2429 Videtur
574 2364 666 2453 loqui
722 2370 906 2436 scribebant
926 2376 1092 2446 formulas
1114 2381 1217 2471 sponsi·

177 2447 371 2534 simpliciter,
394 2450 446 2514 sed
463 2469 496 2514 ut
514 2451 591 2514 solet
608 2474 667 2536 per
721 2476 823 2531 mum,
843 2456 1111 2544 stipulationum,
1134 2479 1217 2535 aetio·

177 2542 282 2600 locum
298 2543 390 2600 unico
404 2539 500 2599 verbo
517 2540 594 2600 duaa
616 2560 666 2602 rea
722 2561 798 2604 num
829 2542 1101 2616 testamentorum
1124 2562 1216 2622 etiam

178 2626 309 2708 attingit.
352 2623 667 2686 Simulenimdesu·
721 2629 821 2694 Nem.
844 2626 908 2692 Cic.
936 2632 978 2693 de
998 2638 1098 2705 Orat.
1136 2646 1216 2722 fite

177 2705 430 2769 riaconsultorum
447 2706 611 2790 scriptione
630 2706 667 2771 si·
725 2709 866 2773 Scaeuola
885 2721 1025 2780 omnium
1047 2729 1219 2804 testamenta

177 2788 318 2876 gnificat,
350 2792 439 2874 quod
467 2790 666 2875 sequentibus
716 2799 878 2878 scripseeis.
919 2800 972 2864 Est
991 2809 1116 2893 igitur,
1132 2833 1218 2877 uece-

177 2878 277 2938 verbis
298 2874 477 2938 ostenditur.
521 2878 561 2939 Et
574 2879 666 2940 Pom·
724 2906 811 2957 aere,
829 2881 1010 2964 [lesu-itere
1024 2896 1220 2965 iurisconsul-

175 2961 395 3042 parturiit.
431 2962 471 3023 de
501 2967 579 3047 orig.
607 2968 667 3027 iur.
724 2985 840 3033 torum.
886 2968 1011 3040 Manet.

177 3056 230 3105 aut
253 3048 410 3120 iudicibus,
439 3051 498 3118 eit,
534 3049 602 3126 ipsis
624 3052 667 3109 t'u·
766 3052 886 3141 effluo]
933 3059 1062 3126 Ernesti
1110 3070 1220 3136 mavult

177 3133 344 3208 riscoasusti
358 3134 540 3209 scribebant,
558 3145 611 3194 aut
625 3147 667 3196 te·
725 3137 861 3211 effluam.

172 3216 347 3295 stabuntne,
369 3220 418 3296 qui
440 3219 665 3299 illaaroasulue·
766 3226 943 3300 aestivorum
964 3231 1096 3320 timor]
1130 3240 1222 3307 0„ss.

178 3312 257 3362 rant.
287 3302 350 3362 Cic.
367 3323 428 3384 pro
438 3304 571 3367 Murena
584 3326 611 3367 c.
618 3325 665 3389 9.:
721 3302 804 3370 latur
824 3310 1031 3390 Trebatium,
1058 3339 1100 3384 ut
1119 3327 1222 3392 imbd.

177 3386 251 3446 haue
276 3388 418 3447 urbanam
445 3390 587 3449 militiam
619 3412 666 3451 re·
720 3390 800 3467 lem,
844 3411 876 3456 et
901 3393 958 3458 fibi
980 3421 1001 3463 a
1025 3411 1222 3484 praeliorum

170 3471 348 3551 spondeatis,
357 3474 516 3553 scribendi,
532 3477 665 3542 caventi.
721 3478 865 3563 periculo
882 3497 1100 3559 metuentem.
