2506 4808
298 338 302 345 .
376 288 661 359 EPISTULA
701 290 830 360 XVII.
1076 303 1123 370 55
1193 340 1198 347 ·

130 483 157 547 id
171 477 260 568 ipsum
282 478 422 544 verbum
442 498 586 566 ponam,
620 480 710 562 quod
733 481 846 542 abste
869 482 961 543 aiunt
983 477 1058 544 salse
1083 485 1120 545 in

127 582 276 654 nesciere
296 581 456 645 conferri.
499 578 573 644 Sed
595 600 651 654 ea,
673 601 757 662 quae
772 579 811 642 ad
830 601 884 642 me
904 579 1012 644 delata
1027 581 1121 656 sunt,

123 684 189 749 naso
202 697 233 747 te
248 705 288 747 ex
305 681 513 769 Pomponio,
534 687 674 747 cui-non
690 687 800 744 minus
821 678 958 743 molesta
973 682 1132 756 suerunt,-

65 815 83 887 {⁷
119 806 254 870 quamex
279 790 364 848 meis
389 783 515 856 hicne,
553 781 768 869 cognoscere.
812 782 912 847 Meus
939 788 975 846 in
998 795 1031 848 te
1056 790 1120 849 ani·

114 909 190 961 mus,
210 906 310 970 quam
332 880 485 971 singulari
508 881 621 948 officio
644 874 766 955 suerit‚'
784 894 818 945 et
840 880 993 957 senatum
1016 896 1049 948 et
1065 907 1121 973 po

110 989 194 1079 pasus
210 987 385 1056 Romanus
412 983 504 1060 testis
529 984 585 1057 est,
632 982 691 1055 Tu
708 1004 807 1067 quam
828 996 945 1073 gratus
969 1006 1049 1073 erga
1065 1008 1120 1051 me
1160 1062 1164 1071 ,

108 1092 216 1163 tueris,
236 1087 305 1175 ipse
320 1084 509 1149 existimare
520 1076 630 1171 pote's.
675 1079 847 1175 Quantum
870 1082 953 1149 mihi
973 1085 1120 1161 debeas,

107 1196 197 1256 ceteri
217 1186 421 1253 existiment.
465 1185 538 1272 Ego
562 1208 644 1270 quae
657 1199 715 1251 tua
736 1185 830 1250 causa
845 1199 943 1251 antea
958 1187 1042 1261 ieci,
1064 1210 1137 1253 vo·-

105 1290 220 1360 luntate
238 1289 311 1353 snm
331 1286 520 1359 adductuS‚
542 1287 722 1374 posteaque
737 1287 934 1359 constantia.
977 1286 1048 1354 Sed
1070 1312 1120 1354 re-

104 1388 198 1475 liqua,
217 1388 304 1455 mihi
321 1390 437 1462 erede,
460 1387 567 1452 musto
583 1394 690 1453 maius
707 1389 850 1453 studium
866 1412 997 1463 meum,
1018 1395 1120 1455 maio·

65 1472 68 1495 ’
103 1515 230 1579 temque
248 1496 466 1581 gravitatem,
483 1501 518 1552 et
530 1488 681 1552 laborem
699 1490 894 1555 desiderant.
939 1489 1035 1581 Quae
1054 1488 1120 1580 ego

65 1598 68 1621 ³
105 1593 200 1661 bnon
216 1592 443 1681 profundere,
466 1611 504 1653 ac
519 1588 663 1676 perdere
677 1591 832 1659 videborx
843 1614 846 1621 ·
856 1596 1015 1658 omnibus
1032 1600 1118 1658 meis

65 1756 68 1769 ,
106 1699 220 1769 viribus
246 1691 424 1759 sustinebo.
489 1690 561 1757 Sin'
575 1701 686 1756 autem
714 1697 846 1778 ingrata
874 1692 940 1759 esse
964 1674 1118 1760 sentiam:

65 1786 68 1805 ’
107 1816 168 1863 aon
194 1799 424 1866 committam,
464 1805 503 1856 ut
521 1793 583 1854 tibi
608 1789 670 1876 ipsi
698 1791 839 1858 insanire
853 1797 1014 1865 eidem·
1046 1797 1122 1871 Ea,

108 1916 181 1982 quae
200 1894 282 1970 fint,
304 1909 338 1961 et
353 1893 562 1975 cuiusmodi,
581 1897 710 1989 poteris
732 1915 775 1957 ex
791 1895 981 1996 Pomponio
998 1921 1122 1988 cogno·

107 1996 196 2067 icere.
704 1988 707 1995 '

180 2098 297 2183 Atque
318 2097 426 2186 ipsum
449 2100 511 2164 tibi
525 2095 749 2185 Pomponium
763 2105 809 2163 ita
828 2104 1049 2179 commendo,
1070 2117 1150 2181 uba

111 2222 299 2295 quamquam
311 2197 413 2293 ipsius
430 2198 524 2276 causa
534 2196 669 2275 confido
682 2212 716 2279 te
731 2201 901 2275 facturum
910 2204 977 2281 esse
990 2213 1121 2292 omnim

473 2370 742 2396 W
785 2382 788 2391 ι

111 2458 191 2544 saepe
208 2466 241 2523 in
262 2456 455 2540 exponendis
478 2457 586 2518 Catili·
641 2480 714 2522 cero
735 2457 849 2540 scripsit
864 2462 958 2537 salse,
983 2479 1019 2524 ut
1034 2458 1139 2526 fimus·

111 2555 205 2611 mrim
240 2549 472 2612 coniurationis.
493 2544 585 2604 moli»
639 2548 780 2625 εἰρωνικῶς
806 2549 972 2607 Antonium
1003 2548 1137 2631 figeret·

111 2633 232 2696 minibus
246 2629 316 2691 usus
328 2627 583 2706 erathocverbo,
624 2633 720 2701 ‚Nem
730 2634 867 2697 ¹'omnino
880 2635 912 2694 in
927 2631 990 2694 boc
1008 2633 1137 2716 general

108 2732 142 2788 nt
175 2718 293 2785 diceret
327 2715 362 2793 se
404 2714 583 2789 comperiffe,
640 2720 701 2791 ioci
716 2735 827 2795 parum
845 2732 911 2795 erat
924 2714 1001 2787 salis.

112 2802 174 2863 Hoc
207 2801 336 2862 verbum
353 2796 478 2877 'postea
518 2794 595 2857 e'ius'
683 2804 761 2857 inalo
800 2810 830 2857 te
866 2821 904 2856 ex
938 2797 1125 2885 Pomponio]

111 2890 212 2948 inimici
232 2907 290 2967 per
314 2888 418 2943 iocum
441 2899 472 2942 et
494 2882 584 2942 cavil-
641 2888 690 2944 cui
706 2884 817 2944 scilicet
834 2886 944 2946 Cicero
965 2884 1044 2945 hanc
1062 2894 1125 2966 epi·

108 2970 249 3037 lationem
285 2972 315 3029 ei
339 2967 584 3047 exprobrabant3
640 2967 756 3043 stolam,
772 2970 811 3028 ad
833 2971 1003 3049 Antonium
1023 2973 1124 3051 persea

112 3070 142 3117 ut
153 3058 281 3117 Clodius
299 3072 350 3133 ep.
374 3060 420 3124 18.
439 3053 504 3130 (ed
521 3054 596 3113 Λευ
641 3054 771 3114 rendam
787 3053 926 3117 dederat.
956 3054 1029 3117 Erat
1043 3060 1134 3119 enim.

111 3141 227 3220 1,14.)
590 3148 595 3169 ’
643 3139 771 3197 adeum
786 3143 987 3221 negotiorum
1001 3140 1127 3203 suorum

138 3225 236 3309 salse]
258 3224 310 3282 stc
336 3225 456 3303 optime
482 3218 596 3282 rescrio'
644 3225 731 3286 caasa
753 3225 960 3303 profecturus.
1136 3232 1139 3245 '

110 3310 308 3394 pfitMartytti
323 3307 460 3390 Legunt.
474 3306 594 3390 ¹Vulgo·
689 3307 870 3403 existiment]
892 3310 989 3369 Recte
1007 3308 1048 3372 fic
1062 3310 1135 3373 dds-¹

111 3402 187 3459 enim
216 3392 260 3455 est
285 3390 381 3468 falfa.
422 3390 460 3451 ld
491 3410 589 3472 quum
647 3392 706 3453 dit·
721 3392 1011 3478 Marty'niLaguna.
1034 3396 1128 3483 Vulg.

107 3502 160 3565 per
185 3480 219 3541 se
246 3479 395 3560 frigidum
427 3471 489 3549 est,
522 3490 596 3536 tum
647 3479 828 3553 existimant.

105 3564 294 3651 potissimum
325 3566 482 3641 ineptum,
516 3563 591 3641 qttia
656 3562 824 3659 ··reliqua']
845 3559 1136 3643 retifdefenfionem,

107 3654 229 3715 additor
268 3650 361 3705 aiunt.
414 3645 597 3726 Quomodo·
647 3648 1073 3728 Antonii,11repetundarum
1084 3673 1134 3712 ac·

106 3744 185 3800 enim
205 3739 247 3807 ii,
270 3736 325 3813 qui
344 3731 512 3809 narrabant
531 3730 595 3789 An·
650 3728 805 3803 §usmetun
819 3774 829 3805 ,
875 3752 970 3814 quam
1005 3734 1134 3816 quidem

109 3828 226 3885 tomum
242 3819 428 3878 Ciceronem
443 3813 535 3894 saepe
550 3813 596 3875 ob
652 3822 806 3878 actionem
828 3819 857 3877 ei
878 3817 1042 3878 adversarii
1066 3834 1135 3878 tum

111 3903 310 3969 osum-buius
336 3899 421 3960 verbi
442 3900 596 3970 cavillam
651 3907 783 3973 maxime
808 3903 1012 3967 minabantur.
1058 3903 1141 3985 (ttp.·

111 3992 211 4053 dicere
235 3981 422 4067 potuissent,
457 3984 490 4043 id
511 3982 595 4058 falsa
656 3988 781 4066 '16‚2.)
901 3992 904 3997 '

104 4080 226 4141 ineam
245 4071 395 4132 conferri!
421 4069 597 4152 ltaqueCi-
685 4092 724 4105 ··
783 4092 786 4101 ·
824 4092 838 4100 ··
