<?xml version="1.0" encoding="UTF-8"?>
<!DOCTYPE html PUBLIC "-//W3C//DTD XHTML 1.0 Transitional//EN"
    "http://www.w3.org/TR/xhtml1/DTD/xhtml1-transitional.dtd">
<html xmlns="http://www.w3.org/1999/xhtml" xml:lang="en" lang="en">
 <head>
  <title>
</title>
<meta http-equiv="Content-Type" content="text/html;charset=utf-8" />
  <meta name='ocr-system' content='tesseract 3.04.00' />
  <meta name='ocr-capabilities' content='ocr_page ocr_carea ocr_par ocr_line ocrx_word'/>
</head>
<body>
  <div class='ocr_page' id='page_1' title='image "./mtciceronisepis00billgoog/mtciceronisepis00billgoog_0364.png"; bbox 0 0 2506 4808; ppageno 0'>
   <div class='ocr_carea' id='block_1_1' title="bbox 279 305 1100 399">
    <p class='ocr_par' dir='ltr' id='par_1_1' title="bbox 279 305 1100 399">
     <span class='ocr_line' id='line_1_1' title="bbox 279 305 1100 399; baseline 0.009 -22"><span class='ocrx_word' id='word_1_1' title='bbox 279 305 559 389; x_wconf 71' lang='lat' dir='ltr'><strong>rersrona</strong></span> <span class='ocrx_word' id='word_1_2' title='bbox 600 306 890 385; x_wconf 69' lang='lat' dir='ltr'><strong>cxxxvntr.</strong></span> <span class='ocrx_word' id='word_1_3' title='bbox 1056 334 1100 399; x_wconf 55' lang='grc' dir='ltr'><strong><em>η</em></strong></span> 
     </span>
    </p>
   </div>
   <div class='ocr_carea' id='block_1_2' title="bbox 66 504 1104 2009">
    <p class='ocr_par' dir='ltr' id='par_1_2' title="bbox 66 504 1104 2009">
     <span class='ocr_line' id='line_1_2' title="bbox 66 504 1102 576; baseline -0.002 -13"><span class='ocrx_word' id='word_1_4' title='bbox 66 515 187 575; x_wconf 69' lang='lat' dir='ltr'><strong>esser,</strong></span> <span class='ocrx_word' id='word_1_5' title='bbox 211 515 343 576; x_wconf 69' lang='lat' dir='ltr'><strong>-ueoun</strong></span> <span class='ocrx_word' id='word_1_6' title='bbox 368 514 493 561; x_wconf 76' lang='lat' dir='ltr'><strong>rotun</strong></span> <span class='ocrx_word' id='word_1_7' title='bbox 524 504 649 570; x_wconf 75' lang='lat' dir='ltr'><strong>iussu,</strong></span> <span class='ocrx_word' id='word_1_8' title='bbox 690 514 761 558; x_wconf 78' lang='lat' dir='ltr'><strong>eur</strong></span> <span class='ocrx_word' id='word_1_9' title='bbox 781 511 899 563; x_wconf 66' lang='lat' dir='ltr'><strong>tiens</strong></span> <span class='ocrx_word' id='word_1_10' title='bbox 922 510 1102 569; x_wconf 67' lang='lat' dir='ltr'><strong>sotrum</strong></span> 
     </span>
     <span class='ocr_line' id='line_1_3' title="bbox 66 613 1101 679; baseline -0.001 -14"><span class='ocrx_word' id='word_1_11' title='bbox 66 616 196 665; x_wconf 74' lang='lat' dir='ltr'><strong>rucene</strong></span> <span class='ocrx_word' id='word_1_12' title='bbox 215 618 337 666; x_wconf 83' lang='lat' dir='ltr'><strong>russus</strong></span> <span class='ocrx_word' id='word_1_13' title='bbox 354 617 476 679; x_wconf 61' lang='lat' dir='ltr'><strong>essem</strong></span> <span class='ocrx_word' id='word_1_14' title='bbox 509 616 654 671; x_wconf 78' lang='lat' dir='ltr'><strong>v1nru1,</strong></span> <span class='ocrx_word' id='word_1_15' title='bbox 675 613 782 663; x_wconf 70' lang='lat' dir='ltr'><strong>Posse</strong></span> <span class='ocrx_word' id='word_1_16' title='bbox 799 616 882 663; x_wconf 77' lang='lat' dir='ltr'><strong>siue</strong></span> <span class='ocrx_word' id='word_1_17' title='bbox 896 615 1101 667; x_wconf 70' lang='lat' dir='ltr'><strong>nesterone</strong></span> 
     </span>
     <span class='ocr_line' id='line_1_4' title="bbox 68 695 1103 779; baseline 0 -12"><span class='ocrx_word' id='word_1_18' title='bbox 68 721 139 767; x_wconf 79' lang='lat' dir='ltr'><strong>ran</strong></span> <span class='ocrx_word' id='word_1_19' title='bbox 161 719 301 765; x_wconf 73' lang='lat' dir='ltr'><strong>terrun</strong></span> <span class='ocrx_word' id='word_1_20' title='bbox 322 719 427 763; x_wconf 76' lang='lat' dir='ltr'><strong>aurea</strong></span> <span class='ocrx_word' id='word_1_21' title='bbox 447 704 702 779; x_wconf 78' lang='lat' dir='ltr'><strong>n1ttrsr1ru13</strong></span> <span class='ocrx_word' id='word_1_22' title='bbox 723 695 806 762; x_wconf 89' lang='lat' dir='ltr'><strong>mihi</strong></span> <span class='ocrx_word' id='word_1_23' title='bbox 823 699 911 765; x_wconf 84' lang='lat' dir='ltr'><strong>facta</strong></span> <span class='ocrx_word' id='word_1_24' title='bbox 925 697 1035 764; x_wconf 87' lang='lat' dir='ltr'><strong>statim</strong></span> <span class='ocrx_word' id='word_1_25' title='bbox 1051 699 1103 767; x_wconf 74' lang='lat' dir='ltr'><strong>etr</strong></span> 
     </span>
     <span class='ocr_line' id='line_1_5' title="bbox 67 798 1103 892; baseline 0.002 -26"><span class='ocrx_word' id='word_1_26' title='bbox 67 802 260 892; x_wconf 86' lang='lat' dir='ltr'><strong>gratulatio.</strong></span> <span class='ocrx_word' id='word_1_27' title='bbox 305 800 416 866; x_wconf 88' lang='lat' dir='ltr'><strong>Nemo</strong></span> <span class='ocrx_word' id='word_1_28' title='bbox 434 805 522 865; x_wconf 91' lang='lat' dir='ltr'><strong>enim</strong></span> <span class='ocrx_word' id='word_1_29' title='bbox 539 798 731 873; x_wconf 81' lang='lat' dir='ltr'><strong>dubitabat,</strong></span> <span class='ocrx_word' id='word_1_30' title='bbox 755 803 836 882; x_wconf 90' lang='lat' dir='ltr'><strong>quin</strong></span> <span class='ocrx_word' id='word_1_31' title='bbox 855 800 977 867; x_wconf 89' lang='lat' dir='ltr'><strong>domus</strong></span> <span class='ocrx_word' id='word_1_32' title='bbox 998 805 1103 869; x_wconf 73' lang='lat' dir='ltr'><strong>nobie</strong></span> 
     </span>
     <span class='ocr_line' id='line_1_6' title="bbox 68 898 1101 973; baseline -0.005 0"><span class='ocrx_word' id='word_1_33' title='bbox 68 903 149 973; x_wconf 82' lang='lat' dir='ltr'><strong>esset</strong></span> <span class='ocrx_word' id='word_1_34' title='bbox 165 903 365 968; x_wconf 85' lang='lat' dir='ltr'><strong>adiudicata.</strong></span> <span class='ocrx_word' id='word_1_35' title='bbox 411 898 507 965; x_wconf 93' lang='lat' dir='ltr'><strong>Tum</strong></span> <span class='ocrx_word' id='word_1_36' title='bbox 527 899 634 965; x_wconf 91' lang='lat' dir='ltr'><strong>subito</strong></span> <span class='ocrx_word' id='word_1_37' title='bbox 650 898 706 964; x_wconf 88' lang='lat' dir='ltr'><strong>ille</strong></span> <span class='ocrx_word' id='word_1_38' title='bbox 723 905 759 964; x_wconf 91' lang='lat' dir='ltr'><strong>in</strong></span> <span class='ocrx_word' id='word_1_39' title='bbox 776 907 975 966; x_wconf 85' lang='lat' dir='ltr'><strong>concionem</strong></span> <span class='ocrx_word' id='word_1_40' title='bbox 991 902 1101 969; x_wconf 58' lang='lat' dir='ltr'><strong>ascens</strong></span> 
     </span>
     <span class='ocr_line' id='line_1_7' title="bbox 66 999 1102 1092; baseline 0.001 -23"><span class='ocrx_word' id='word_1_41' title='bbox 66 1005 136 1079; x_wconf 88' lang='lat' dir='ltr'><strong>dit,</strong></span> <span class='ocrx_word' id='word_1_42' title='bbox 157 1027 257 1088; x_wconf 89' lang='lat' dir='ltr'><strong>quam</strong></span> <span class='ocrx_word' id='word_1_43' title='bbox 278 1003 413 1090; x_wconf 89' lang='lat' dir='ltr'><strong>Appius</strong></span> <span class='ocrx_word' id='word_1_44' title='bbox 441 1007 471 1067; x_wconf 91' lang='lat' dir='ltr'><strong>ei</strong></span> <span class='ocrx_word' id='word_1_45' title='bbox 490 1001 595 1066; x_wconf 90' lang='lat' dir='ltr'><strong>dedit.</strong></span> <span class='ocrx_word' id='word_1_46' title='bbox 636 999 779 1066; x_wconf 87' lang='lat' dir='ltr'><strong>Nuntiat</strong></span> <span class='ocrx_word' id='word_1_47' title='bbox 802 1003 947 1090; x_wconf 88' lang='lat' dir='ltr'><strong>populo,</strong></span> <span class='ocrx_word' id='word_1_48' title='bbox 965 1003 1102 1092; x_wconf 86' lang='lat' dir='ltr'><strong>pontifi·</strong></span> 
     </span>
     <span class='ocr_line' id='line_1_8' title="bbox 68 1101 1102 1184; baseline 0.003 -12"><span class='ocrx_word' id='word_1_49' title='bbox 68 1120 127 1172; x_wconf 79' lang='lat' dir='ltr'><strong>ees</strong></span> <span class='ocrx_word' id='word_1_50' title='bbox 154 1105 338 1172; x_wconf 86' lang='lat' dir='ltr'><strong>secundum</strong></span> <span class='ocrx_word' id='word_1_51' title='bbox 361 1101 393 1168; x_wconf 92' lang='lat' dir='ltr'><strong>se</strong></span> <span class='ocrx_word' id='word_1_52' title='bbox 415 1102 613 1184; x_wconf 82' lang='lat' dir='ltr'><strong>decrevisse3</strong></span> <span class='ocrx_word' id='word_1_53' title='bbox 651 1123 707 1165; x_wconf 92' lang='lat' dir='ltr'><strong>me</strong></span> <span class='ocrx_word' id='word_1_54' title='bbox 726 1115 848 1169; x_wconf 85' lang='lat' dir='ltr'><strong>:autem</strong></span> <span class='ocrx_word' id='word_1_55' title='bbox 867 1110 901 1169; x_wconf 88' lang='lat' dir='ltr'><strong>vi</strong></span> <span class='ocrx_word' id='word_1_56' title='bbox 922 1113 1039 1174; x_wconf 86' lang='lat' dir='ltr'><strong>conari</strong></span> <span class='ocrx_word' id='word_1_57' title='bbox 1063 1113 1102 1175; x_wconf 90' lang='lat' dir='ltr'><strong>in</strong></span> 
     </span>
     <span class='ocr_line' id='line_1_9' title="bbox 66 1202 1101 1296; baseline -0.009 -22"><span class='ocrx_word' id='word_1_58' title='bbox 66 1206 298 1296; x_wconf 81' lang='lat' dir='ltr'><strong>possessionem</strong></span> <span class='ocrx_word' id='word_1_59' title='bbox 320 1211 445 1271; x_wconf 87' lang='lat' dir='ltr'><strong>venire.</strong></span> <span class='ocrx_word' id='word_1_60' title='bbox 488 1204 671 1277; x_wconf 83' lang='lat' dir='ltr'><strong>Hortatur,</strong></span> <span class='ocrx_word' id='word_1_61' title='bbox 692 1216 731 1269; x_wconf 90' lang='lat' dir='ltr'><strong>ut</strong></span> <span class='ocrx_word' id='word_1_62' title='bbox 754 1202 806 1277; x_wconf 88' lang='lat' dir='ltr'><strong>se,</strong></span> <span class='ocrx_word' id='word_1_63' title='bbox 827 1217 860 1269; x_wconf 90' lang='lat' dir='ltr'><strong>et</strong></span> <span class='ocrx_word' id='word_1_64' title='bbox 879 1203 1030 1295; x_wconf 88' lang='lat' dir='ltr'><strong>Appium</strong></span> <span class='ocrx_word' id='word_1_65' title='bbox 1055 1207 1101 1273; x_wconf 70' lang='lat' dir='ltr'><strong>se.</strong></span> 
     </span>
     <span class='ocr_line' id='line_1_10' title="bbox 68 1304 1101 1393; baseline 0.001 -19"><span class='ocrx_word' id='word_1_66' title='bbox 68 1322 242 1393; x_wconf 88' lang='lat' dir='ltr'><strong>quantur,</strong></span> <span class='ocrx_word' id='word_1_67' title='bbox 283 1319 318 1370; x_wconf 91' lang='lat' dir='ltr'><strong>et</strong></span> <span class='ocrx_word' id='word_1_68' title='bbox 348 1304 440 1371; x_wconf 92' lang='lat' dir='ltr'><strong>suam</strong></span> <span class='ocrx_word' id='word_1_69' title='bbox 467 1306 676 1373; x_wconf 83' lang='lat' dir='ltr'><strong>Libertatem</strong></span> <span class='ocrx_word' id='word_1_70' title='bbox 705 1316 746 1370; x_wconf 94' lang='lat' dir='ltr'><strong>ut</strong></span> <span class='ocrx_word' id='word_1_71' title='bbox 774 1304 968 1375; x_wconf 83' lang='lat' dir='ltr'><strong>defendant.</strong></span> <span class='ocrx_word' id='word_1_72' title='bbox 1032 1307 1101 1376; x_wconf 82' lang='lat' dir='ltr'><strong>Hic</strong></span> 
     </span>
     <span class='ocr_line' id='line_1_11' title="bbox 71 1403 1102 1497; baseline -0.001 -21"><span class='ocrx_word' id='word_1_73' title='bbox 71 1434 175 1495; x_wconf 90' lang='lat' dir='ltr'><strong>quum</strong></span> <span class='ocrx_word' id='word_1_74' title='bbox 200 1416 300 1474; x_wconf 87' lang='lat' dir='ltr'><strong>etiam</strong></span> <span class='ocrx_word' id='word_1_75' title='bbox 320 1406 370 1471; x_wconf 88' lang='lat' dir='ltr'><strong>illi</strong></span> <span class='ocrx_word' id='word_1_76' title='bbox 398 1403 507 1471; x_wconf 88' lang='lat' dir='ltr'><strong>infimi</strong></span> <span class='ocrx_word' id='word_1_77' title='bbox 530 1413 656 1495; x_wconf 89' lang='lat' dir='ltr'><strong>partim</strong></span> <span class='ocrx_word' id='word_1_78' title='bbox 678 1406 944 1482; x_wconf 82' lang='lat' dir='ltr'><strong>admirarentur,</strong></span> <span class='ocrx_word' id='word_1_79' title='bbox 975 1415 1102 1497; x_wconf 85' lang='lat' dir='ltr'><strong>partim</strong></span> 
     </span>
     <span class='ocr_line' id='line_1_12' title="bbox 69 1507 1102 1595; baseline 0 -17"><span class='ocrx_word' id='word_1_80' title='bbox 69 1513 251 1578; x_wconf 90' lang='lat' dir='ltr'><strong>irriderent</strong></span> <span class='ocrx_word' id='word_1_81' title='bbox 294 1507 443 1573; x_wconf 87' lang='lat' dir='ltr'><strong>hominis</strong></span> <span class='ocrx_word' id='word_1_82' title='bbox 464 1515 679 1574; x_wconf 82' lang='lat' dir='ltr'><strong>amentiam:</strong></span> <span class='ocrx_word' id='word_1_83' title='bbox 724 1530 788 1595; x_wconf 85' lang='lat' dir='ltr'><strong>ego</strong></span> <span class='ocrx_word' id='word_1_84' title='bbox 815 1508 995 1579; x_wconf 80' lang='lat' dir='ltr'><strong>statueram</strong></span> <span class='ocrx_word' id='word_1_85' title='bbox 1018 1510 1102 1579; x_wconf 83' lang='lat' dir='ltr'><strong>illue</strong></span> 
     </span>
     <span class='ocr_line' id='line_1_13' title="bbox 70 1607 1102 1692; baseline -0.003 -11"><span class='ocrx_word' id='word_1_86' title='bbox 70 1638 141 1680; x_wconf 92' lang='lat' dir='ltr'><strong>non</strong></span> <span class='ocrx_word' id='word_1_87' title='bbox 169 1612 350 1682; x_wconf 85' lang='lat' dir='ltr'><strong>accedere,</strong></span> <span class='ocrx_word' id='word_1_88' title='bbox 387 1607 446 1674; x_wconf 86' lang='lat' dir='ltr'><strong>nili</strong></span> <span class='ocrx_word' id='word_1_89' title='bbox 474 1631 577 1692; x_wconf 87' lang='lat' dir='ltr'><strong>quum</strong></span> <span class='ocrx_word' id='word_1_90' title='bbox 605 1609 759 1676; x_wconf 84' lang='lat' dir='ltr'><strong>consules</strong></span> <span class='ocrx_word' id='word_1_91' title='bbox 789 1633 832 1675; x_wconf 85' lang='lat' dir='ltr'><strong>ex</strong></span> <span class='ocrx_word' id='word_1_92' title='bbox 858 1610 991 1679; x_wconf 80' lang='lat' dir='ltr'><strong>senatur</strong></span> <span class='ocrx_word' id='word_1_93' title='bbox 1013 1634 1102 1683; x_wconf 64' lang='lat' dir='ltr'><strong>cone</strong></span> 
     </span>
     <span class='ocr_line' id='line_1_14' title="bbox 70 1710 1101 1804; baseline -0.001 -22"><span class='ocrx_word' id='word_1_94' title='bbox 70 1717 156 1782; x_wconf 82' lang='lat' dir='ltr'><strong>fulto</strong></span> <span class='ocrx_word' id='word_1_95' title='bbox 186 1720 355 1804; x_wconf 89' lang='lat' dir='ltr'><strong>porticum</strong></span> <span class='ocrx_word' id='word_1_96' title='bbox 382 1710 494 1777; x_wconf 86' lang='lat' dir='ltr'><strong>Catuli</strong></span> <span class='ocrx_word' id='word_1_97' title='bbox 522 1711 761 1779; x_wconf 86' lang='lat' dir='ltr'><strong>restituendam</strong></span> <span class='ocrx_word' id='word_1_98' title='bbox 792 1711 964 1778; x_wconf 84' lang='lat' dir='ltr'><strong>locassent.</strong></span> <span class='ocrx_word' id='word_1_99' title='bbox 1025 1713 1101 1781; x_wconf 79' lang='lat' dir='ltr'><strong>Kal.</strong></span> 
     </span>
     <span class='ocr_line' id='line_1_15' title="bbox 71 1811 1101 1899; baseline 0.003 -17"><span class='ocrx_word' id='word_1_100' title='bbox 71 1817 198 1886; x_wconf 84' lang='lat' dir='ltr'><strong>Octob.</strong></span> <span class='ocrx_word' id='word_1_101' title='bbox 218 1815 364 1881; x_wconf 87' lang='lat' dir='ltr'><strong>habetur</strong></span> <span class='ocrx_word' id='word_1_102' title='bbox 378 1811 510 1879; x_wconf 84' lang='lat' dir='ltr'><strong>senatus</strong></span> <span class='ocrx_word' id='word_1_103' title='bbox 527 1814 702 1899; x_wconf 83' lang='lat' dir='ltr'><strong>frequens.</strong></span> <span class='ocrx_word' id='word_1_104' title='bbox 721 1876 725 1883; x_wconf 85' lang='lat'><strong>.</strong></span> <span class='ocrx_word' id='word_1_105' title='bbox 743 1811 963 1885; x_wconf 83' lang='lat' dir='ltr'><strong>Adhibentur</strong></span> <span class='ocrx_word' id='word_1_106' title='bbox 977 1836 1101 1889; x_wconf 73' lang='lat' dir='ltr'><strong>omnes</strong></span> 
     </span>
     <span class='ocr_line' id='line_1_16' title="bbox 71 1902 1104 2009; baseline -0.002 -23"><span class='ocrx_word' id='word_1_107' title='bbox 71 1915 272 2009; x_wconf 85' lang='lat' dir='ltr'><strong>pontifices,</strong></span> <span class='ocrx_word' id='word_1_108' title='bbox 294 1920 352 2001; x_wconf 91' lang='lat' dir='ltr'><strong>qui</strong></span> <span class='ocrx_word' id='word_1_109' title='bbox 374 1927 471 1979; x_wconf 88' lang='lat' dir='ltr'><strong>crant</strong></span> <span class='ocrx_word' id='word_1_110' title='bbox 490 1902 676 1982; x_wconf 76' lang='lat' dir='ltr'><strong>senatores:</strong></span> <span class='ocrx_word' id='word_1_111' title='bbox 698 1917 850 2001; x_wconf 90' lang='lat' dir='ltr'><strong>aquibus</strong></span> <span class='ocrx_word' id='word_1_112' title='bbox 864 1915 1104 1993; x_wconf 88' lang='lat' dir='ltr'><strong>Marcellinus,</strong></span> 
     </span>
    </p>
   </div>
   <div class='ocr_carea' id='block_1_3' title="bbox 78 2276 1105 2394">
    <p class='ocr_par' dir='ltr' id='par_1_3' title="bbox 78 2276 1105 2394">
     <span class='ocr_line' id='line_1_17' title="bbox 78 2276 1105 2394; baseline 0.001 -22"><span class='ocrx_word' id='word_1_113' title='bbox 78 2276 84 2284; x_wconf 33' lang='grc' dir='ltr'>Ι</span> <span class='ocrx_word' id='word_1_114' title='bbox 118 2322 320 2387; x_wconf 81' lang='lat' dir='ltr'><strong>campartem</strong></span> <span class='ocrx_word' id='word_1_115' title='bbox 342 2309 450 2394; x_wconf 77' lang='lat' dir='ltr'><strong>areae]</strong></span> <span class='ocrx_word' id='word_1_116' title='bbox 473 2309 563 2373; x_wconf 79' lang='lat' dir='ltr'><strong>intel·</strong></span> <span class='ocrx_word' id='word_1_117' title='bbox 663 2307 859 2391; x_wconf 78' lang='lat' dir='ltr'><strong>Libertatem]</strong></span> <span class='ocrx_word' id='word_1_118' title='bbox 879 2313 990 2370; x_wconf 79' lang='lat' dir='ltr'><strong>atrium</strong></span> <span class='ocrx_word' id='word_1_119' title='bbox 998 2307 1105 2373; x_wconf 72' lang='lat' dir='ltr'><strong>iiber·</strong></span> 
     </span>
    </p>
   </div>
   <div class='ocr_carea' id='block_1_4' title="bbox 72 2391 1119 4176">
    <p class='ocr_par' dir='ltr' id='par_1_4' title="bbox 72 2391 1119 4176">
     <span class='ocr_line' id='line_1_18' title="bbox 72 2391 1107 2482; baseline -0.004 -22"><span class='ocrx_word' id='word_1_120' title='bbox 72 2399 178 2482; x_wconf 81' lang='lat' dir='ltr'><strong>ligitur</strong></span> <span class='ocrx_word' id='word_1_121' title='bbox 196 2419 234 2456; x_wconf 81' lang='lat' dir='ltr'><strong>en</strong></span> <span class='ocrx_word' id='word_1_122' title='bbox 252 2402 342 2478; x_wconf 70' lang='lat' dir='ltr'><strong>pare,</strong></span> <span class='ocrx_word' id='word_1_123' title='bbox 362 2400 395 2456; x_wconf 87' lang='lat' dir='ltr'><strong>in</strong></span> <span class='ocrx_word' id='word_1_124' title='bbox 413 2417 474 2477; x_wconf 86' lang='lat' dir='ltr'><strong>que</strong></span> <span class='ocrx_word' id='word_1_125' title='bbox 490 2397 564 2458; x_wconf 87' lang='lat' dir='ltr'><strong>Clo·</strong></span> <span class='ocrx_word' id='word_1_126' title='bbox 618 2399 689 2456; x_wconf 70' lang='lat' dir='ltr'><strong>tetis</strong></span> <span class='ocrx_word' id='word_1_127' title='bbox 717 2416 735 2455; x_wconf 85' lang='lat' dir='ltr'><strong>e</strong></span> <span class='ocrx_word' id='word_1_128' title='bbox 762 2394 793 2455; x_wconf 88' lang='lat' dir='ltr'><strong>se</strong></span> <span class='ocrx_word' id='word_1_129' title='bbox 815 2391 997 2455; x_wconf 75' lang='lat' dir='ltr'><strong>exstructum</strong></span> <span class='ocrx_word' id='word_1_130' title='bbox 1023 2396 1107 2464; x_wconf 75' lang='lat' dir='ltr'><strong>dirui</strong></span> 
     </span>
     <span class='ocr_line' id='line_1_19' title="bbox 74 2476 1016 2560; baseline -0.003 -17"><span class='ocrx_word' id='word_1_131' title='bbox 74 2485 142 2544; x_wconf 79' lang='lat' dir='ltr'><strong>dius</strong></span> <span class='ocrx_word' id='word_1_132' title='bbox 168 2481 328 2542; x_wconf 68' lang='lat' dir='ltr'><strong>Libertatis</strong></span> <span class='ocrx_word' id='word_1_133' title='bbox 348 2487 459 2542; x_wconf 82' lang='lat' dir='ltr'><strong>atrium</strong></span> <span class='ocrx_word' id='word_1_134' title='bbox 480 2482 564 2541; x_wconf 63' lang='lat' dir='ltr'><strong>aediae</strong></span> <span class='ocrx_word' id='word_1_135' title='bbox 617 2501 659 2542; x_wconf 89' lang='lat' dir='ltr'><strong>ne</strong></span> <span class='ocrx_word' id='word_1_136' title='bbox 685 2484 851 2560; x_wconf 82' lang='lat' dir='ltr'><strong>patientur.</strong></span> <span class='ocrx_word' id='word_1_137' title='bbox 893 2476 1016 2540; x_wconf 78' lang='lat' dir='ltr'><strong>Manat.</strong></span> 
     </span>
     <span class='ocr_line' id='line_1_20' title="bbox 75 2560 1106 2648; baseline -0.004 -19"><span class='ocrx_word' id='word_1_138' title='bbox 75 2565 198 2629; x_wconf 72' lang='lat' dir='ltr'><strong>ficisset.</strong></span> <span class='ocrx_word' id='word_1_139' title='bbox 254 2569 369 2648; x_wconf 81' lang='lat' dir='ltr'><strong>Neque</strong></span> <span class='ocrx_word' id='word_1_140' title='bbox 396 2573 477 2628; x_wconf 88' lang='lat' dir='ltr'><strong>enim</strong></span> <span class='ocrx_word' id='word_1_141' title='bbox 513 2582 563 2627; x_wconf 90' lang='lat' dir='ltr'><strong>to·</strong></span> <span class='ocrx_word' id='word_1_142' title='bbox 661 2563 752 2647; x_wconf 79' lang='lat' dir='ltr'><strong>iiiuc]</strong></span> <span class='ocrx_word' id='word_1_143' title='bbox 773 2565 818 2624; x_wconf 81' lang='lat' dir='ltr'><strong>ed</strong></span> <span class='ocrx_word' id='word_1_144' title='bbox 834 2584 947 2625; x_wconf 81' lang='lat' dir='ltr'><strong>aream.</strong></span> <span class='ocrx_word' id='word_1_145' title='bbox 984 2560 1106 2625; x_wconf 61' lang='lat' dir='ltr'><strong>Manna</strong></span> 
     </span>
     <span class='ocr_line' id='line_1_21' title="bbox 76 2647 1107 2732; baseline -0.005 -18"><span class='ocrx_word' id='word_1_146' title='bbox 76 2672 142 2714; x_wconf 85' lang='lat' dir='ltr'><strong>tem</strong></span> <span class='ocrx_word' id='word_1_147' title='bbox 165 2653 311 2724; x_wconf 86' lang='lat' dir='ltr'><strong>domum,</strong></span> <span class='ocrx_word' id='word_1_148' title='bbox 328 2651 381 2712; x_wconf 89' lang='lat' dir='ltr'><strong>sed</strong></span> <span class='ocrx_word' id='word_1_149' title='bbox 403 2673 471 2712; x_wconf 84' lang='lat' dir='ltr'><strong>eam</strong></span> <span class='ocrx_word' id='word_1_150' title='bbox 491 2672 563 2732; x_wconf 85' lang='lat' dir='ltr'><strong>per·</strong></span> <span class='ocrx_word' id='word_1_151' title='bbox 659 2654 809 2727; x_wconf 83' lang='lat' dir='ltr'><strong>porticum</strong></span> <span class='ocrx_word' id='word_1_152' title='bbox 837 2647 961 2732; x_wconf 82' lang='lat' dir='ltr'><strong>Catuli]</strong></span> <span class='ocrx_word' id='word_1_153' title='bbox 1010 2670 1107 2730; x_wconf 82' lang='lat' dir='ltr'><strong>qnam</strong></span> 
     </span>
     <span class='ocr_line' id='line_1_22' title="bbox 76 2734 1109 2816; baseline -0.007 -16"><span class='ocrx_word' id='word_1_154' title='bbox 76 2755 140 2800; x_wconf 86' lang='lat' dir='ltr'><strong>tcm</strong></span> <span class='ocrx_word' id='word_1_155' title='bbox 162 2737 277 2809; x_wconf 80' lang='lat' dir='ltr'><strong>solnm,</strong></span> <span class='ocrx_word' id='word_1_156' title='bbox 308 2756 481 2816; x_wconf 79' lang='lat' dir='ltr'><strong>quaecum</strong></span> <span class='ocrx_word' id='word_1_157' title='bbox 504 2738 563 2795; x_wconf 87' lang='lat' dir='ltr'><strong>Ca·</strong></span> <span class='ocrx_word' id='word_1_158' title='bbox 619 2734 652 2792; x_wconf 86' lang='lat' dir='ltr'><strong>in</strong></span> <span class='ocrx_word' id='word_1_159' title='bbox 679 2735 777 2795; x_wconf 90' lang='lat' dir='ltr'><strong>domo</strong></span> <span class='ocrx_word' id='word_1_160' title='bbox 805 2737 851 2794; x_wconf 90' lang='lat' dir='ltr'><strong>M.</strong></span> <span class='ocrx_word' id='word_1_161' title='bbox 875 2734 1109 2795; x_wconf 83' lang='lat' dir='ltr'><strong>Fulvii.Flecci</strong></span> 
     </span>
     <span class='ocr_line' id='line_1_23' title="bbox 77 2817 1106 2901; baseline -0.007 -17"><span class='ocrx_word' id='word_1_162' title='bbox 77 2823 134 2884; x_wconf 89' lang='lat' dir='ltr'><strong>tuli</strong></span> <span class='ocrx_word' id='word_1_163' title='bbox 154 2827 277 2901; x_wconf 85' lang='lat' dir='ltr'><strong>porticu</strong></span> <span class='ocrx_word' id='word_1_164' title='bbox 299 2825 401 2881; x_wconf 83' lang='lat' dir='ltr'><strong>iuncte</strong></span> <span class='ocrx_word' id='word_1_165' title='bbox 423 2835 489 2880; x_wconf 85' lang='lat' dir='ltr'><strong>erat</strong></span> <span class='ocrx_word' id='word_1_166' title='bbox 509 2821 565 2880; x_wconf 86' lang='lat' dir='ltr'><strong>de·</strong></span> <span class='ocrx_word' id='word_1_167' title='bbox 620 2817 722 2880; x_wconf 82' lang='lat' dir='ltr'><strong>eversa</strong></span> <span class='ocrx_word' id='word_1_168' title='bbox 754 2819 794 2882; x_wconf 89' lang='lat' dir='ltr'><strong>de</strong></span> <span class='ocrx_word' id='word_1_169' title='bbox 816 2819 975 2881; x_wconf 72' lang='lat' dir='ltr'><strong>Cimbricis</strong></span> <span class='ocrx_word' id='word_1_170' title='bbox 998 2839 1106 2879; x_wconf 81' lang='lat' dir='ltr'><strong>menn·</strong></span> 
     </span>
     <span class='ocr_line' id='line_1_24' title="bbox 75 2902 1110 2988; baseline -0.007 -19"><span class='ocrx_word' id='word_1_171' title='bbox 75 2909 250 2977; x_wconf 81' lang='lat' dir='ltr'><strong>dicaverat,</strong></span> <span class='ocrx_word' id='word_1_172' title='bbox 272 2907 424 2988; x_wconf 83' lang='lat' dir='ltr'><strong>reliquam</strong></span> <span class='ocrx_word' id='word_1_173' title='bbox 450 2922 565 2967; x_wconf 78' lang='lat' dir='ltr'><strong>everte·</strong></span> <span class='ocrx_word' id='word_1_174' title='bbox 620 2902 910 2986; x_wconf 64' lang='lat' dir='ltr'><strong>intromitto</strong></span> <span class='ocrx_word' id='word_1_175' title='bbox 928 2904 1042 2965; x_wconf 86' lang='lat' dir='ltr'><strong>Catulo</strong></span> <span class='ocrx_word' id='word_1_176' title='bbox 1063 2904 1110 2962; x_wconf 85' lang='lat' dir='ltr'><strong>sa·</strong></span> 
     </span>
     <span class='ocr_line' id='line_1_25' title="bbox 75 2987 1112 3054; baseline -0.007 0"><span class='ocrx_word' id='word_1_177' title='bbox 75 3008 132 3054; x_wconf 83' lang='lat' dir='ltr'><strong>ret.</strong></span> <span class='ocrx_word' id='word_1_178' title='bbox 178 2987 311 3050; x_wconf 73' lang='lat' dir='ltr'><strong>Manui..</strong></span> <span class='ocrx_word' id='word_1_179' title='bbox 621 3005 702 3050; x_wconf 81' lang='lat' dir='ltr'><strong>ctam</strong></span> <span class='ocrx_word' id='word_1_180' title='bbox 724 2991 758 3050; x_wconf 92' lang='lat' dir='ltr'><strong>P.</strong></span> <span class='ocrx_word' id='word_1_181' title='bbox 778 2991 907 3050; x_wconf 74' lang='lat' dir='ltr'><strong>Clodius</strong></span> <span class='ocrx_word' id='word_1_182' title='bbox 929 3011 999 3050; x_wconf 84' lang='lat' dir='ltr'><strong>cunr</strong></span> <span class='ocrx_word' id='word_1_183' title='bbox 1021 2990 1112 3049; x_wconf 88' lang='lat' dir='ltr'><strong>Cice.-</strong></span> 
     </span>
     <span class='ocr_line' id='line_1_26' title="bbox 120 3073 1109 3157; baseline 0.001 -23"><span class='ocrx_word' id='word_1_184' title='bbox 120 3075 194 3157; x_wconf 86' lang='lat' dir='ltr'><strong>ilie]</strong></span> <span class='ocrx_word' id='word_1_185' title='bbox 214 3078 246 3133; x_wconf 81' lang='lat' dir='ltr'><strong>P.</strong></span> <span class='ocrx_word' id='word_1_186' title='bbox 263 3074 403 3135; x_wconf 74' lang='lat' dir='ltr'><strong>Clodius.</strong></span> <span class='ocrx_word' id='word_1_187' title='bbox 553 3110 557 3119; x_wconf 50' lang='grc' dir='ltr'><em>ι</em></span> <span class='ocrx_word' id='word_1_188' title='bbox 620 3079 706 3137; x_wconf 74' lang='lat' dir='ltr'><strong>tonia</strong></span> <span class='ocrx_word' id='word_1_189' title='bbox 715 3074 815 3135; x_wconf 89' lang='lat' dir='ltr'><strong>domo</strong></span> <span class='ocrx_word' id='word_1_190' title='bbox 828 3074 989 3137; x_wconf 77' lang='lat' dir='ltr'><strong>everteret.</strong></span> <span class='ocrx_word' id='word_1_191' title='bbox 1004 3073 1109 3135; x_wconf 84' lang='lat' dir='ltr'><strong>Veler.</strong></span> 
     </span>
     <span class='ocr_line' id='line_1_27' title="bbox 122 3156 896 3243; baseline 0 -24"><span class='ocrx_word' id='word_1_192' title='bbox 122 3159 227 3243; x_wconf 82' lang='lat' dir='ltr'><strong>dedit]</strong></span> <span class='ocrx_word' id='word_1_193' title='bbox 247 3164 320 3240; x_wconf 85' lang='lat' dir='ltr'><strong>quia</strong></span> <span class='ocrx_word' id='word_1_194' title='bbox 343 3174 472 3238; x_wconf 73' lang='lat' dir='ltr'><strong>praetor</strong></span> <span class='ocrx_word' id='word_1_195' title='bbox 489 3170 565 3218; x_wconf 85' lang='lat' dir='ltr'><strong>erat.</strong></span> <span class='ocrx_word' id='word_1_196' title='bbox 621 3159 677 3220; x_wconf 80' lang='lat' dir='ltr'><strong>VI.</strong></span> <span class='ocrx_word' id='word_1_197' title='bbox 697 3172 729 3232; x_wconf 73' lang='lat'><strong>3.</strong></span> <span class='ocrx_word' id='word_1_198' title='bbox 773 3156 896 3219; x_wconf 78' lang='lat' dir='ltr'><strong>Manat.</strong></span> 
     </span>
     <span class='ocr_line' id='line_1_28' title="bbox 78 3240 1112 3327; baseline -0.004 -20"><span class='ocrx_word' id='word_1_199' title='bbox 78 3246 208 3327; x_wconf 76' lang='lat' dir='ltr'><strong>Alioqui</strong></span> <span class='ocrx_word' id='word_1_200' title='bbox 230 3265 295 3303; x_wconf 90' lang='lat' dir='ltr'><strong>non</strong></span> <span class='ocrx_word' id='word_1_201' title='bbox 314 3240 442 3302; x_wconf 80' lang='lat' dir='ltr'><strong>licuisset</strong></span> <span class='ocrx_word' id='word_1_202' title='bbox 466 3247 567 3321; x_wconf 82' lang='lat' dir='ltr'><strong>priva·</strong></span> <span class='ocrx_word' id='word_1_203' title='bbox 654 3243 714 3322; x_wconf 57' lang='lat' dir='ltr'><strong>qui</strong></span> <span class='ocrx_word' id='word_1_204' title='bbox 740 3256 826 3303; x_wconf 85' lang='lat' dir='ltr'><strong>erant</strong></span> <span class='ocrx_word' id='word_1_205' title='bbox 854 3241 1031 3325; x_wconf 80' lang='lat' dir='ltr'><strong>senatorer]</strong></span> <span class='ocrx_word' id='word_1_206' title='bbox 1075 3244 1112 3303; x_wconf 78' lang='lat' dir='ltr'><strong>ile</strong></span> 
     </span>
     <span class='ocr_line' id='line_1_29' title="bbox 76 3325 1113 3410; baseline -0.004 -18"><span class='ocrx_word' id='word_1_207' title='bbox 76 3348 114 3392; x_wconf 89' lang='lat' dir='ltr'><strong>to</strong></span> <span class='ocrx_word' id='word_1_208' title='bbox 131 3331 247 3391; x_wconf 84' lang='lat' dir='ltr'><strong>Clodio</strong></span> <span class='ocrx_word' id='word_1_209' title='bbox 271 3333 455 3389; x_wconf 85' lang='lat' dir='ltr'><strong>concionem</strong></span> <span class='ocrx_word' id='word_1_210' title='bbox 473 3325 568 3386; x_wconf 82' lang='lat' dir='ltr'><strong>hebe-</strong></span> <span class='ocrx_word' id='word_1_211' title='bbox 624 3333 723 3399; x_wconf 89' lang='lat' dir='ltr'><strong>enim,</strong></span> <span class='ocrx_word' id='word_1_212' title='bbox 747 3334 820 3410; x_wconf 87' lang='lat' dir='ltr'><strong>·qui</strong></span> <span class='ocrx_word' id='word_1_213' title='bbox 855 3328 1012 3390; x_wconf 78' lang='lat' dir='ltr'><strong>senatorer</strong></span> <span class='ocrx_word' id='word_1_214' title='bbox 1045 3346 1113 3388; x_wconf 85' lang='lat' dir='ltr'><strong>non</strong></span> 
     </span>
     <span class='ocr_line' id='line_1_30' title="bbox 77 3411 1115 3497; baseline -0.006 -19"><span class='ocrx_word' id='word_1_215' title='bbox 77 3438 123 3478; x_wconf 85' lang='lat' dir='ltr'><strong>re.</strong></span> <span class='ocrx_word' id='word_1_216' title='bbox 177 3411 299 3475; x_wconf 74' lang='lat' dir='ltr'><strong>Manui.</strong></span> <span class='ocrx_word' id='word_1_217' title='bbox 358 3464 364 3471; x_wconf 89' lang='lat'><strong>.</strong></span> <span class='ocrx_word' id='word_1_218' title='bbox 624 3427 713 3473; x_wconf 86' lang='lat' dir='ltr'><strong>erent</strong></span> <span class='ocrx_word' id='word_1_219' title='bbox 738 3415 859 3497; x_wconf 80' lang='lat' dir='ltr'><strong>ingredi</strong></span> <span class='ocrx_word' id='word_1_220' title='bbox 886 3414 1021 3474; x_wconf 83' lang='lat' dir='ltr'><strong>senatum</strong></span> <span class='ocrx_word' id='word_1_221' title='bbox 1046 3431 1115 3473; x_wconf 90' lang='lat' dir='ltr'><strong>non</strong></span> 
     </span>
     <span class='ocr_line' id='line_1_31' title="bbox 123 3495 1115 3581; baseline -0.002 -24"><span class='ocrx_word' id='word_1_222' title='bbox 123 3499 260 3581; x_wconf 82' lang='lat' dir='ltr'><strong>nuntiat]</strong></span> <span class='ocrx_word' id='word_1_223' title='bbox 302 3498 408 3578; x_wconf 80' lang='lat' dir='ltr'><strong>Vulgo</strong></span> <span class='ocrx_word' id='word_1_224' title='bbox 451 3499 568 3554; x_wconf 82' lang='lat' dir='ltr'><strong>nuntiat</strong></span> <span class='ocrx_word' id='word_1_225' title='bbox 622 3498 747 3561; x_wconf 80' lang='lat' dir='ltr'><strong>licebat.</strong></span> <span class='ocrx_word' id='word_1_226' title='bbox 789 3501 830 3560; x_wconf 86' lang='lat' dir='ltr'><strong>Et</strong></span> <span class='ocrx_word' id='word_1_227' title='bbox 850 3499 1032 3580; x_wconf 82' lang='lat' dir='ltr'><strong>pontificum</strong></span> <span class='ocrx_word' id='word_1_228' title='bbox 1051 3495 1115 3557; x_wconf 84' lang='lat' dir='ltr'><strong>col·</strong></span> 
     </span>
     <span class='ocr_line' id='line_1_32' title="bbox 81 3577 1116 3668; baseline -0.004 -24"><span class='ocrx_word' id='word_1_229' title='bbox 81 3589 141 3644; x_wconf 87' lang='lat' dir='ltr'><strong>iam</strong></span> <span class='ocrx_word' id='word_1_230' title='bbox 151 3608 163 3655; x_wconf 93' lang='lat'><em>;</em></span> <span class='ocrx_word' id='word_1_231' title='bbox 189 3584 242 3645; x_wconf 88' lang='lat' dir='ltr'><strong>led</strong></span> <span class='ocrx_word' id='word_1_232' title='bbox 261 3583 462 3660; x_wconf 83' lang='lat' dir='ltr'><strong>particulam,</strong></span> <span class='ocrx_word' id='word_1_233' title='bbox 485 3601 567 3662; x_wconf 77' lang='lat' dir='ltr'><strong>quae</strong></span> <span class='ocrx_word' id='word_1_234' title='bbox 619 3589 740 3668; x_wconf 78' lang='lat' dir='ltr'><strong>legium</strong></span> <span class='ocrx_word' id='word_1_235' title='bbox 770 3599 903 3665; x_wconf 79' lang='lat' dir='ltr'><strong>apparet</strong></span> <span class='ocrx_word' id='word_1_236' title='bbox 926 3604 994 3645; x_wconf 87' lang='lat' dir='ltr'><strong>non</strong></span> <span class='ocrx_word' id='word_1_237' title='bbox 1025 3577 1116 3643; x_wconf 83' lang='lat' dir='ltr'><strong>luisse</strong></span> 
     </span>
     <span class='ocr_line' id='line_1_33' title="bbox 80 3666 1113 3745; baseline -0.005 -15"><span class='ocrx_word' id='word_1_238' title='bbox 80 3675 142 3730; x_wconf 87' lang='lat' dir='ltr'><strong>iem</strong></span> <span class='ocrx_word' id='word_1_239' title='bbox 181 3666 321 3728; x_wconf 85' lang='lat' dir='ltr'><strong>Ernestio</strong></span> <span class='ocrx_word' id='word_1_240' title='bbox 368 3666 568 3745; x_wconf 80' lang='lat' dir='ltr'><strong>displicebat,</strong></span> <span class='ocrx_word' id='word_1_241' title='bbox 620 3686 728 3730; x_wconf 83' lang='lat' dir='ltr'><strong>totum</strong></span> <span class='ocrx_word' id='word_1_242' title='bbox 782 3671 899 3730; x_wconf 78' lang='lat' dir='ltr'><strong>ordinis</strong></span> <span class='ocrx_word' id='word_1_243' title='bbox 951 3667 1113 3738; x_wconf 80' lang='lat' dir='ltr'><strong>senatorii,</strong></span> 
     </span>
     <span class='ocr_line' id='line_1_34' title="bbox 81 3751 1118 3919; baseline -0.004 -18"><span class='ocrx_word' id='word_1_244' title='bbox 81 3751 570 3915; x_wconf 63' lang='lat' dir='ltr'><strong>i:t”¹¹¹l.3¹l‘tiilitst</strong></span> <span class='ocrx_word' id='word_1_245' title='bbox 617 3753 1118 3919; x_wconf 59' lang='lat' dir='ltr'><strong>‘istim..tlt‘lt&#39;tnlttit</strong></span> 
     </span>
     <span class='ocr_line' id='line_1_35' title="bbox 145 3876 708 3910; baseline -0.016 9"><span class='ocrx_word' id='word_1_246' title='bbox 145 3887 153 3901; x_wconf 90' lang='lat'><strong>·</strong></span> <span class='ocrx_word' id='word_1_247' title='bbox 268 3879 276 3894; x_wconf 89' lang='lat'><em>⁰</em></span> <span class='ocrx_word' id='word_1_248' title='bbox 324 3879 333 3896; x_wconf 84' lang='lat'><em>⁰</em></span> <span class='ocrx_word' id='word_1_249' title='bbox 561 3876 569 3892; x_wconf 83' lang='lat'><strong>·</strong></span> <span class='ocrx_word' id='word_1_250' title='bbox 698 3881 708 3910; x_wconf 76' lang='lat' dir='ltr'><strong>t</strong></span> 
     </span>
     <span class='ocr_line' id='line_1_36' title="bbox 81 3920 1116 4003; baseline -0.004 -19"><span class='ocrx_word' id='word_1_251' title='bbox 81 3921 256 3984; x_wconf 80' lang='lat' dir='ltr'><strong>Tunstnllnt</strong></span> <span class='ocrx_word' id='word_1_252' title='bbox 286 3927 367 3984; x_wconf 90' lang='lat' dir='ltr'><strong>coni.</strong></span> <span class='ocrx_word' id='word_1_253' title='bbox 397 3923 514 3979; x_wconf 81' lang='lat' dir='ltr'><strong>nuntiat</strong></span> <span class='ocrx_word' id='word_1_254' title='bbox 541 3923 572 3978; x_wconf 77' lang='lat' dir='ltr'><strong>in</strong></span> <span class='ocrx_word' id='word_1_255' title='bbox 628 3921 877 4003; x_wconf 66' lang='lat' dir='ltr'><strong>essen-consequi</strong></span> <span class='ocrx_word' id='word_1_256' title='bbox 895 3920 1003 4002; x_wconf 82' lang='lat' dir='ltr'><strong>posset.</strong></span> <span class='ocrx_word' id='word_1_257' title='bbox 1028 3924 1116 3981; x_wconf 80' lang='lat' dir='ltr'><strong>Oret.</strong></span> 
     </span>
     <span class='ocr_line' id='line_1_37' title="bbox 85 4004 1116 4088; baseline -0.002 -21"><span class='ocrx_word' id='word_1_258' title='bbox 85 4011 164 4068; x_wconf 81' lang='lat' dir='ltr'><strong>omni</strong></span> <span class='ocrx_word' id='word_1_259' title='bbox 186 4010 317 4082; x_wconf 54' lang='grc' dir='ltr'><strong>Μαίη</strong></span> <span class='ocrx_word' id='word_1_260' title='bbox 351 4024 496 4068; x_wconf 85' lang='lat' dir='ltr'><strong>nentrum</strong></span> <span class='ocrx_word' id='word_1_261' title='bbox 518 4007 573 4066; x_wconf 86' lang='lat' dir='ltr'><strong>ad·</strong></span> <span class='ocrx_word' id='word_1_262' title='bbox 629 4010 671 4068; x_wconf 87' lang='lat' dir='ltr'><strong>de</strong></span> <span class='ocrx_word' id='word_1_263' title='bbox 685 4007 806 4088; x_wconf 81' lang='lat' dir='ltr'><strong>bnmsp.</strong></span> <span class='ocrx_word' id='word_1_264' title='bbox 817 4008 895 4088; x_wconf 82' lang='lat' dir='ltr'><strong>resp.</strong></span> <span class='ocrx_word' id='word_1_265' title='bbox 905 4030 932 4068; x_wconf 87' lang='lat' dir='ltr'><strong>c.</strong></span> <span class='ocrx_word' id='word_1_266' title='bbox 942 4029 970 4083; x_wconf 84' lang='lat'><strong>7.</strong></span> <span class='ocrx_word' id='word_1_267' title='bbox 994 4004 1116 4065; x_wconf 81' lang='lat' dir='ltr'><strong>Manat.</strong></span> 
     </span>
     <span class='ocr_line' id='line_1_38' title="bbox 84 4088 1119 4176; baseline -0.003 -18"><span class='ocrx_word' id='word_1_268' title='bbox 84 4093 279 4158; x_wconf 78' lang='lat' dir='ltr'><strong>mittendum.</strong></span> <span class='ocrx_word' id='word_1_269' title='bbox 614 4132 619 4145; x_wconf 86' lang='lat'><strong>.</strong></span> <span class='ocrx_word' id='word_1_270' title='bbox 642 4132 646 4139; x_wconf 44' lang='grc' dir='ltr'><em>ι</em></span> <span class='ocrx_word' id='word_1_271' title='bbox 671 4088 893 4176; x_wconf 72' lang='lat' dir='ltr'><strong>Marcdst&#39;ttus]</strong></span> <span class='ocrx_word' id='word_1_272' title='bbox 918 4093 978 4154; x_wconf 81' lang='lat' dir='ltr'><strong>Gn.</strong></span> <span class='ocrx_word' id='word_1_273' title='bbox 998 4095 1119 4160; x_wconf 56' lang='lat' dir='ltr'><strong>Corne</strong></span> 
     </span>
    </p>
   </div>
   <div class='ocr_carea' id='block_1_5' title="bbox 0 0 1280 4808">
    <p class='ocr_par' dir='ltr' id='par_1_5' title="bbox 0 0 1280 4808">
     <span class='ocr_line' id='line_1_39' title="bbox 0 0 1280 4808; baseline 0 0"><span class='ocrx_word' id='word_1_274' title='bbox 0 0 1280 4808; x_wconf 95' lang='lat' dir='ltr'><strong> </strong></span> 
     </span>
    </p>
   </div>
  </div>
 </body>
</html>
