2506 4808
365 296 653 383 ErrsronA
716 300 886 369 Lxxx.
1074 319 1140 385 sn

77 482 282 575 desperata
304 491 388 562 erit,
409 485 594 575 velim'pro
619 500 679 554 tuo
699 494 735 554 in
759 511 813 554 me
836 510 948 554 amore
961 487 1047 554 hanc
1072 494 1143 557 ine·

77 608 168 653 nem
187 610 308 652 meam
331 589 558 678 diligentiam,
581 589 801 654 miserabilem
823 598 955 677 potius,
975 614 1071 674 quam
1091 599 1141 658 in·

78 678 234 777 eptam,
270 703 390 776 putes:
425 688 472 755 fin
497 691 544 756 est
565 690 689 775 aliquid
709 690 797 780 spei,
827 693 886 758 des
908 714 1065 780 operam,
1099 705 1140 756 ut

81 795 231 853 maiore
253 790 429 880 diligentia
442 791 579 879 posthac
600 814 620 856 a
641 799 740 859 novis
758 791 1005 879 magistratibus
1025 793 1140 858 desen-

77 884 235 969 tsdamur.
279 889 368 956 Nam
400 914 438 959 ee
458 908 612 962 veterum
635 897 850 960 tribunorum
878 894 987 983 plebis
1008 901 1140 983 rogatio

77 996 166 1081 gria
184 997 299 1080 capita
316 991 449 1080 habuit3
470 1017 576 1060 unum
596 995 639 1057 de
662 994 773 1060 reditu
790 1017 883 1069 meo,
909 995 1069 1082 scriptum
1092 1002 1142 1059 in·

77 1106 211 1160 tenure.
276 1093 371 1165 Nihil
398 1101 488 1161 enim
509 1094 715 1170 restituitur,
752 1111 888 1183 praeter
911 1101 1081 1161 civitatem
1104 1109 1141 1162 et·

77 1148 277 1299 gfdinem:
313 1198 405 1280 quod
429 1197 513 1263 mihi
533 1221 598 1286 pro
630 1220 707 1261 meo
732 1195 807 1261 casu
830 1195 907 1261 satis
935 1196 999 1279 est;
1065 1196 1140 1273 sed,

77 1286 189 1393 {guae
218 1298 369 1363 cavenda
390 1299 535 1374 fuerint,
577 1313 611 1365 et
635 1322 701 1383 quo
729 1298 851 1372 modo,
888 1311 923 1361 te
946 1321 1015 1364 non
1041 1300 1158 1387 sugit„

77 1396 269 1493 {illitorum
291 1412 393 1486 caput
417 1399 464 1464 est
487 1400 688 1466 tralaticium
709 1400 751 1462 de
772 1403 991 1485 impunitate,
1014 1397 1035 1462 sr
1060 1401 1142 1483 quid

77 1496 228 1603 {sponna
242 1500 323 1565 alias
338 1498 432 1587 leges
448 1505 518 1565 eius
532 1501 619 1590 legis
640 1523 724 1587 ergo
740 1501 869 1564 factum
885 1497 932 1564 sit.
978 1498 1141 1567 Tertium

93 1596 107 1607 ''
127 1614 229 1691 aput,
250 1608 298 1666 mi
313 1599 498 1689 Pomponi,
522 1623 587 1684 quo
613 1599 764 1685 consilio,
788 1613 822 1664 et
843 1622 861 1663 a
883 1623 951 1683 quo
973 1599 1012 1666 sit
1033 1600 1139 1667 incul-

119 1684 241 1776 ¹tum,
274 1703 364 1768 vide.
418 1699 494 1769 Scis
518 1707 608 1766 enim
633 1694 793 1768 Clodium
819 1701 973 1777 sanxisse,
1004 1710 1141 1778 utrix,

120 1794 165 1893 'st
183 1808 326 1868 omnino
346 1827 417 1868 non
436 1801 545 1891 posset
558 1823 623 1867 nec
647 1825 709 1890 per
730 1801 899 1877 senatum,
920 1793 984 1868 neo
1006 1825 1069 1890 per
1081 1827 1140 1891 po-

166 1926 227 1969 um
247 1901 418 1982 infirmari,
435 1902 490 1969 sua
516 1901 584 1968 lex.
628 1901 699 1968 Sed
724 1904 839 1978 vides,
872 1927 1054 1988 numquam
1077 1903 1142 1968 esse

151 1994 297 2073 servatas
320 2004 511 2071 sanctiones
538 2024 653 2068 earum
674 2005 809 2094 legum,
831 2026 913 2089 quae
941 2009 1160 2095 abrogarem·

132 2092 142 2196 ξ
164 2152 177 2171 .
219 2104 308 2170 Nam
324 2104 344 2169 fi
360 2106 396 2170 id
410 2102 509 2178 esset,
531 2103 624 2168 nulla
644 2105 717 2170 fere
736 2108 889 2192 abrogari
908 2107 1029 2196 posset:
1063 2113 1142 2190 (ne-

130 2230 175 2277 ue
199 2215 292 2274 enim
314 2207 382 2271 ulla
404 2205 467 2281 est,
490 2227 573 2289 quae
596 2229 665 2270 non
682 2205 750 2294 ipsa
770 2207 802 2270 se
825 2207 925 2294 sepiat
944 2204 1141 2272 difficultate

129 2310 363 2398 brogationis)
394 2307 469 2381 sed,
490 2329 592 2390 quum
616 2306 673 2370 lex
697 2310 894 2394 abrogatur,
923 2308 1007 2371 illud
1030 2307 1139 2394 ipsum

108 2412 311 2499 ¹abrogatur,
351 2431 417 2492 quo
443 2432 513 2472 non
540 2430 613 2471 eam
643 2410 796 2497 abrogari
828 2420 995 2497 oporteat.
1061 2407 1140 2471 Hoc

129 2510 134 2531 ³
154 2534 216 2577 um
232 2514 282 2577 ita
294 2507 350 2595 fit3
366 2532 470 2596 quum
487 2510 616 2598 semper
629 2515 679 2575 ita
692 2509 844 2576 habitum
862 2506 1142 2590 observatumque

77 2842 111 2945 ζ
152 2861 310 2939 desperata
351 2858 436 2942 erit]
485 2878 601 2938 nempe
659 2858 875 2943 corrigendum
912 2853 973 2918 esse
999 2855 1144 2916 viderunt

77 2966 91 3033 't'
109 2949 202 3031 jquod
239 2947 365 3029 rogatio
405 2942 600 3005 tribunorum
657 2941 1031 3022 Manutius‚Melespine,
1049 2943 1146 3009 Ειτιιε-Α

77 3050 84 3061 “
109 3032 179 3097 iton
194 3030 317 3112 perlata
333 3027 378 3094 sit.
656 3026 737 3088 stiur.
761 3031 975 3109 Opponuntur
990 3031 1071 3087 enim
1085 3045 1146 3088 110⁴

77 3142 106 3191 ,ρ
154 3119 229 3174 tanc
260 3119 378 3174 inanem
408 3135 503 3172 meam
532 3117 600 3173 dili·
657 3117 686 3174 vi
702 3112 816 3173 tribuni
833 3111 997 3174 veteribus.

77 3186 269 3303 figendam]
304 3199 394 3261 velim
421 3198 507 3258 istem
535 3200 603 3259 dili·
692 3200 748 3273 sed
771 3219 843 3274 quae
862 3199 992 3255 cauenda
1004 3192 1146 3280 fuerint]
1197 3237 1199 3240 -

77 3290 269 3373 notitiem,
294 3306 357 3366 qua
379 3283 435 3343 tibi
458 3289 489 3344 in
507 3285 601 3346 tribus
660 3281 720 3343 scil.
752 3284 791 3343 de
822 3284 920 3343 domo
955 3281 1147 3364 reliquisque

77 3360 287 3489 {rogationis
321 3365 521 3428 'tribunorum
564 3371 604 3428 de
655 3367 751 3429 'bonis
770 3365 973 3427 restituendis.

77 3468 186 3549 putee
213 3453 299 3514 cause
323 3453 492 3534 capitibus,
521 3474 604 3533 queo
703 3473 762 3533 quo
800 3474 858 3509 non
896 3473 962 3510 eam
1005 3448 1148 3537 abrogari

77 3556 82 3565 “
113 3538 371 3612 desideraverim,
388 3535 604 3618 exponem,sr
661 3536 821 3619 oporteat]
844 3539 894 3595 Sic
911 3556 969 3616 per
990 3539 1147 3595 coniectu-

111 3630 213 3687 inenis
261 3624 379 3696 luerit,
432 3638 603 3702 propterea
659 3645 724 3683 ram
743 3619 913 3701 b‘lelaspine
922 3664 932 3693 ,
954 3618 1071 3679 elibris
1086 3620 1150 3678 130·

111 3710 205 3795 quod
233 3712 295 3768 toti
323 3709 482 3790 rogationi
511 3712 604 3766 inter·
661 3706 720 3767 sius
736 3713 877 3768 correxit.
919 3708 1150 3788 quomodoeam

110 3784 229 3856 oesiam
246 3789 298 3865 sit,
321 3791 528 3852 misericordie
547 3811 606 3870 po·
658 3809 735 3866 *ente
762 3789 887 3851 Bolium
925 3806 991 3849 erat
1026 3810 1063 3848 ex
1098 3787 1149 3847 ed.

108 3884 171 3942 tius
195 3879 324 3962 dignam
347 3896 441 3958 quem
465 3882 606 3956 ineptam
660 3876 737 3938 lens.
753 3912 794 3924 -
810 3876 904 3935 Rom.
923 3895 981 3954 per
1002 3891 1152 3950 compen·

107 3980 219 4050 putes.
289 3994 292 4002 ·
663 3961 999 4035 diumhebetquo.-
1023 3952 1151 4029 Ernesti.

152 4071 172 4108 a
187 4045 298 4129 nouis]
321 4050 364 4107 ite
377 4065 438 4126 pro
460 4066 479 4102 a
500 4044 606 4118 nostris
705 4048 871 4128 hecquem
898 4047 941 4102 ita
963 4041 1021 4124 lit]
1043 4041 1151 4124 Vulgo

77 3766 83 3795 l
