2506 4808
47 333 49 338 ·
114 309 159 397 qe
412 264 694 373 nrrsro‘un
741 300 856 370 xxi.

113 512 210 560 muro
231 512 399 576 quemque
422 490 628 574 secerneret3
651 503 691 556 ut
711 496 859 578 primum
879 488 1012 557 iudices

120 596 262 666 derunt,
292 594 386 659 valde
415 591 569 658 diffidere
597 595 678 657 boni
708 605 906 679 coeperunt.
949 592 1031 661 Non

86 726 90 733 ’
116 716 279 780 nmquam
294 701 429 782 turpior
441 700 478 759 in
497 695 581 761 ludo
596 693 714 758 talario
730 691 895 759 confessus
915 694 991 760 fuit.
1034 698 1037 762 ζ

116 796 175 863 lofi
200 797 389 870 senatores,
411 797 494 861 nudi
518 802 668 882 equitem,
689 793 818 859 tribuni
841 818 913 861 non
932 811 1037 862 tamt

116 920 236 983 quam,
257 910 295 962 ut
316 896 544 983 appellantur,
567 901 711 963 aerarii..
740 891 843 961 Pauci
865 909 980 962 tamen
1000 900 1037 964 bt

112 1011 228 1071 erant,
259 1017 344 1081 quos
369 1003 553 1064 reiectione
573 1000 691 1086 fugare
710 994 767 1061 ille
789 1019 861 1062 uon
883 1009 1037 1084 potuerat

113 1097 232 1164 maesti
250 1104 342 1162 inter
360 1095 409 1161 sui
430 1097 616 1175 ditiones,
641 1112 676 1164 et
699 1111 890 1166 maerentes
917 1097 1037 1166 [edeba

114 1205 324 1286 contagione
352 1201 572 1286 turpitudinis
607 1201 826 1270 vehementer
852 1204 1037 1290 permoveb

114 1301 200 1376 Hic,
219 1312 258 1365 ut
279 1296 429 1384 quaeque
451 1321 506 1366 res
528 1303 569 1366 ad
592 1301 767 1371 confilium
780 1305 901 1388 primis
922 1299 1037 1392 postui

112 1405 179 1469 bus
202 1402 430 1475 referebatur,
453 1403 663 1469 incredibilis
686 1415 760 1469 erat
785 1400 961 1476 severitas,
981 1402 1037 1470 nul

114 1509 235 1570 rietate
257 1501 514 1568 sententiarum:
539 1503 624 1586 nihil
647 1510 846 1592 impetrarat
867 1522 966 1568 reus:
997 1504 1037 1591 pl·

114 1602 258 1668 cusatori
272 1603 431 1677 dabatur,
455 1626 554 1686 quam
569 1604 773 1695 postulabat:
796 1600 1029 1691 triumphabat

114 1700 298 1791 quaerisl)
333 1703 534 1772 Hortensius
557 1705 723 1780 leividille
744 1715 894 1774 tautum:
933 1726 1036 1775 neruo

108 1937 201 2015 'nunc
225 1948 336 2009 Cicero
359 1941 490 2026 respicit.
546 1941 603 2010 Ca·
659 1946 771 2018 Cloio,
803 1957 922 2006 anatur
943 1962 1032 2009 reete

109 2037 191 2115 [aab.
659 2047 811 2113 pretatur,
826 2052 892 2092 non
906 2029 996 2094 suillo
1013 2046 1037 2093 et

109 2142 112 2149 ’
156 2117 297 2190 meolofi
320 2111 496 2197 senatoris]
535 2111 604 2177 sunt
661 2113 911 2189 effodebebaut‚
935 2115 1037 2179 h.o·t

114 2209 217 2268 notati
235 2199 534 2260 aceoloribueSuet.
546 2198 602 2261 lul.
661 2206 783 2262 cuniam
808 2201 977 2273 habereut,
999 2203 1037 2261 let

114 2296 168 2368 4¹·
202 2288 293 2344 Tacit
314 2282 386 2345 Hist.
403 2285 434 2357 l,
451 2305 480 2363 7.
501 2299 533 2345 et
546 2283 603 2347 XI.
659 2291 812 2367 perrimos
825 2300 855 2346 et
870 2291 902 2345 iu
913 2292 1038 2363 ‘aerario

115 2384 167 2453 4ο.
214 2367 346 2429 Gronov.
659 2371 796 2442 nendos,
827 2372 1037 2448 adeoquefec

157 2458 230 2516 nudi
244 2450 377 2535 equites]
400 2450 510 2511 nudati
526 2469 603 2531 ope·
661 2453 1037 2537 corrumpendum3icilio

116 2563 152 2603 re
167 2540 319 2602 censorio.
366 2532 498 2596 Gronov.
659 2538 764 2601 infime
811 2555 843 2601 et
871 2549 1037 2620 pauperriu

159 2627 270 2685 tribuni
306 2643 363 2680 non
402 2632 466 2678 tam
506 2621 604 2678 aerati
659 2630 743 2686 vium
767 2621 863 2685 classo
884 2625 1037 2686 vocabant

114 2732 208 2793 quom
224 2721 255 2768 ut
268 2710 456 2784 appellantur
469 2703 602 2788 aerarii]
661 2713 754 2782 mih,
780 2729 847 2768 non
864 2725 989 2781 autem,
1014 2730 1033 2768 u

114 2796 160 2858 Ex
178 2797 258 2878 lege
284 2795 320 2854 L.
349 2791 466 2851 Aurelii
490 2793 605 2851 Cottae
660 2791 1037 2875 stiuaelibi,quodelle1

116 2881 305 2942 iudiciorum
336 2891 424 2936 erant
452 2896 523 2935 curn
551 2877 605 2936 tri·
662 2882 813 2965 corrupti.

119 2964 178 3025 bue
205 2966 237 3024 P.
260 2963 299 3021 R.
321 2959 480 3021 ordinibus
521 2979 605 3018 com·
705 2964 883 3041 contagione
925 2965 1037 3036 tropitu

116 3054 291 3118 muniente,
319 3049 362 3104 ite
383 3060 417 3103 ut
437 3044 604 3114 senatores,
663 3048 752 3130 quod
776 3047 942 3118 timebant,
966 3067 1037 3107 nei

115 3139 256 3212 equites,
282 3144 313 3190 et
331 3147 368 3188 ex
382 3128 475 3208 plebe
490 3128 605 3188 tribuni
663 3130 807 3193 absoluto
839 3130 977 3204 Clodio,
1015 3129 1037 3193 it

118 3221 229 3278 aerarii
244 3214 426 3275 iudicarent.
447 3214 488 3272 Hi
497 3212 605 3293 appel·
661 3221 755 3279 roiam
773 3220 985 3296 corruptionis
1002 3237 1037 3279 ve

115 3301 173 3362 lati
196 3313 283 3361 erent
303 3319 321 3358 a
338 3298 505 3358 tribuendo
521 3317 604 3368 aere,
642 3297 793 3380 'Ernesti

117 3386 210 3468 quod
245 3402 410 3463 pecuniam
448 3382 604 3463 publicem
717 3387 828 3462 primia
875 3381 1036 3460 postulatio

117 3469 292 3532 tribuerent
305 3472 337 3526 in
350 3466 535 3546 stipendium
550 3471 605 3526 mi·
662 3489 761 3553 quum
791 3469 910 3549 aliquid
939 3485 1037 3548 peter«

107 3554 206 3616 litum
243 3569 339 3633 atquo
366 3552 605 3612 adnumerarent
661 3569 813 3639 praetore
836 3568 869 3612 et
894 3553 1037 3615 iudicibu

104 3635 335 3724 -qnaestoribus
370 3641 403 3698 in
426 3641 604 3718 provinciae
662 3659 759 3720 quam
777 3635 1037 3700 causedicebetru

117 3724 316 3786 abeuntibus.
358 3721 425 3789 lom
447 3721 529 3783 ludit
554 3723 605 3781 Ci-
662 3724 703 3784 od
726 3722 880 3807 agendam
907 3721 1030 3783 caulam

118 3830 194 3871 cero
209 3812 242 3868 in
255 3805 456 3889 ambiguitate
464 3805 606 3868 vocabuli
660 3828 741 3871 nere
754 3808 921 3886 videretur.
944 3807 1037 3887 Quitl

117 3895 243 3965 aerarii,
267 3894 373 3971 uitqto
388 3890 446 3952 hoe
463 3891 604 3952 tribunos
662 3892 739 3954 beot
770 3894 961 3969 petitionibus
998 3914 1037 3977 qu

117 3999 187 4044 non
210 3992 352 4042 aoraton,
389 3975 443 4037 led
470 3979 606 4036 aerarios
662 3973 772 4064 glolla.
818 3968 947 4054 Ernesti.

118 4059 324 4147 Inisse,l1.o.
346 4077 380 4124 ut
403 4058 608 4151 &opinatio
