2506 4808
248 367 251 377 .
298 304 586 387 EPISTO'LA
632 316 865 387 CXLVIII.
1031 316 1095 399 265

65 512 250 593 gnitatem,
272 505 529 580 liberalitatem,
555 526 621 590 qua
643 517 679 572 te
701 505 770 573 scio
791 504 1002 576 libentissime
1025 509 1095 574 fiui

64 609 189 684 solere,
210 614 400 697 pertinere,
421 621 456 674 te
472 606 537 674 sine
553 607 619 672 ulla
632 628 727 673 mora
742 614 951 696 provinciam
971 606 1096 675 succes·

65 709 130 775 sori
154 714 363 783 concedere,
385 709 580 797 praesertim
599 726 703 794 quum
721 705 796 774 tine
818 707 998 797 suspicione
1017 722 1095 778 tuae

67 812 260 897 cupiditatis
280 833 350 875 non
363 809 462 898 posfis
477 811 568 876 illius
588 811 808 901 cupiditatem
823 811 984 876 refutare.
1020 813 1095 901 Ego

65 924 248 996 utrumque
275 923 359 1000 puto
390 933 502 976 meum
532 910 615 987 esse,
651 924 686 978 et
710 913 791 998 quid
813 909 950 977 sentiam
989 911 1097 978 osten*

66 1013 164 1086 dete,
200 1023 233 1077 et
254 1013 345 1096 quod
366 1013 489 1079 feceris
519 1013 714 1079 defendere.
1093 1006 1096 1011 ’

172 1113 310 1202 Scripta
331 1122 397 1182 iam
417 1114 554 1203 epistola
576 1115 766 1205 superiore,
791 1118 907 1203 accepi
927 1125 1002 1178 tuas
1023 1113 1095 1179 lito
1109 1117 1146 1185 ιδ

67 1236 121 1281 ras
138 1215 181 1282 de
193 1215 398 1304 publicanis:
420 1219 593 1302 inquibus
611 1221 813 1302 aequitatem
833 1228 926 1279 tuam
945 1237 1014 1280 non
1035 1238 1094 1303 po·

67 1323 116 1382 tui
139 1304 208 1383 non
235 1320 390 1407 probare.
432 1308 603 1384 Facilitate
625 1318 762 1403 quidem
778 1314 911 1384 'vellent
938 1316 1097 1402 consequi

66 1417 243 1508 potuisses,
265 1441 309 1485 ne
327 1424 397 1487 eius
415 1419 563 1497 ordinis,
586 1443 685 1507 quem
702 1419 832 1510 semper
850 1417 991 1493 ornasti,
1010 1440 1096 1496 rem,

68 1807 147 1865 riute
160 1796 232 1887 lege
251 1802 411 1876 succedat,
430 1807 557 1884 provin·
613 1805 701 1863 tione
729 1800 949 1864 moriebantur
974 1817 1101 1866 contro·

69 1894 147 1949 ciam
167 1889 280 1949 debeas
296 1889 478 1951 concedere.
500 1891 557 1948 Ar·
612 1883 744 1959 verfiae,
806 1908 859 1947 une
883 1889 994 1948 Cicero
1015 1887 1101 1949 seda·

69 1989 218 2057 guinento
246 1973 315 2035 sunt
342 1971 419 2034 hoec
445 1972 556 2047 verba,
613 1987 659 2032 tae
677 1992 693 2030 e
710 1968 740 2030 se
756 1907 816 2031 elle
829 1973 980 2056 gloriatur
992 1969 1045 2031 lib.
1060 1974 1100 2035 11.

69 2054 229 2134 selbodt,
256 2063 313 2140 qui¹
333 2058 435 2144 legem
459 2061 555 2118 curia·
613 2056 654 2117 ad
666 2056 749 2116 Fam.
775 2075 824 2136 ep.
848 2072 891 2129 ιδ.
938 2051 1058 2118 Manet.

69 2156 132 2203 tam
147 2158 149 2163 '
167 2143 340 2206 rectoribus
385 2147 555 2224 provincia·
655 2142 686 2199 in
706 2140 832 2225 quibus]
854 2141 959 2225 Vulgo
980 2138 1023 2202 est
1038 2143 1098 2220 qui·

69 2244 138 2289 turn
184 2232 314 2291 omnino
357 2224 554 2288 necessariam
611 2230 671 2290 bus.
735 2227 798 2287 Sed
829 2229 934 2308 quibus
959 2246 1026 2288 non
1057 2225 1099 2288 ad

69 2329 234 2394 putarent,
258 2333 355 2394 quum
374 2310 437 2374 fine
450 2332 486 2373 ea
508 2317 556 2374 itu
611 2310 795 2393 publicano·
812 2316 963 2392 pertinet,
985 2327 1019 2372 ut
1035 2312 1100 2377 sot·

71 2399 174 2458 dicere
192 2413 224 2458 et
240 2402 419 2478 provinciae
436 2396 557 2478 praees·
612 2394 687 2457 tasse
715 2395 809 2456 visum
841 2395 981 2457 lectionis
1010 2395 1122 2479 huiut¹

70 2481 101 2541 se
133 2480 271 2562 possent,
316 2487 449 2562 imperio
485 2484 557 2568 lege
588 2482 809 2563 ‚auctoribus,
840 2480 894 2542 sed
913 2482 954 2541 ad
977 2481 1098 2556 literas}

72 2567 217 2626 Cornelia
236 2568 311 2628 dato
327 2569 434 2648 quood
457 2571 488 2627 in
506 2590 556 2629 ur·
613 2568 856 2642 addendumque
872 2570 910 2630 in.
924 2602 963 2614 -
975 2563 1101 2642 Ernesti.

72 2651 142 2712 bem
168 2649 348 2715 introissent.
392 2649 513 2711 Manui.
647 2650 818 2735 facilitate]
845 2648 998 2710 Felicitate
1012 2651 1101 2733 quod

112 2736 352 2822 liberalitatem]
397 2737 561 2800 eonsuetu-
616 2736 659 2800 ott
683 2752 715 2797 et
729 2741 761 2798 ln
778 2739 838 2797 Me.
859 2735 984 2810 nostro,
1005 2737 1102 2797 debe·-

71 2820 178 2882 dinem
194 2827 226 2883 iu
245 2822 415 2884 tribuendis
434 2821 558 2895 officiis,
616 2838 666 2884 tur
681 2825 841 2893 Victorio,
865 2827 920 2903 qui
939 2843 1003 2883 non
1026 2823 1103 2883 dixit

72 2911 121 2967 cui
133 2908 230 2987 poulo
247 2906 319 2989 post
340 2909 486 2984 cupiditas
501 2931 560 2988 op·
615 2908 711 2970 unde.
753 2910 832 2966 Ante
847 2907 1101 2978 omneefacilita·

73 2998 218 3070 pontium
240 3013 276 3052 ex
291 3013 357 3074 quo
371 2998 468 3076 magis
487 2996 560 3073 prd-
616 3005 664 3065 ta‚
688 2992 737 3052 sed
756 2997 787 3052 in
802 2997 909 3051 ceteris
924 2998 1026 3066 varie,
1052 3014 1104 3051 ara

72 3076 559 3159 baturrnihi,nteslincntiquo
618 3090 695 3149 tem,
727 3089 825 3134 autem
846 3080 993 3160 ¹qudem,
1033 3080 1104 3156 quid

72 3161 154 3221 libro
169 3161 379 3236 Maffeorum,
408 3184 502 3243 quam
529 3167 562 3224 in
617 3166 733 3222 vellem.
761 3162 893 3222 Videtur
908 3164 1019 3223 durum
1037 3165 1105 3224 sesi·

73 3246 329 3307 aliirlibertatem.
363 3250 481 3308 Eodem
499 3248 562 3308 sen·
617 3253 711 3308 citate
739 3245 903 3327 consequi,
942 3270 981 3308 ne
1005 3246 1105 3311 offen

72 3330 290 3391 inliberaliter
316 3331 480 3413 usurpetur
508 3333 560 3395 lib.
619 3335 726 3403 deret,
769 3353 864 3412 quum
888 3329 962 3393 esset
984 3339 1015 3394 iti
1039 3341 1104 3397 eiua

74 3419 112 3478 V.
134 3419 172 3476 ad
189 3420 272 3482 Fam.
295 3437 344 3498 ep.
365 3439 411 3499 ¹9·
429 3434 460 3477 et
474 3409 513 3480 X.
529 3431 560 3493 3.
617 3415 780 3498 potestate.
846 3419 907 3476 Sed
934 3418 1036 3499 potest
1060 3425 1107 3480 in·
1215 3460 1220 3483 r

74 3497 195 3561 Mannt.
618 3502 714 3584 telligi
729 3501 857 3562 felicitat
873 3507 904 3561 in
918 3523 976 3575 eo,
998 3503 1021 3563 s1
1038 3505 1106 3565 tolia

122 3602 168 3657 13.
188 3591 225 3645 de
244 3585 420 3669 publicanis]
452 3602 561 3647 contra
616 3608 666 3648 res
681 3607 745 3647 non
760 3584 924 3658 incidilset,
940 3609 999 3665 per
1012 3608 1107 3671 quam

76 3690 155 3748 quos
173 3673 332 3731 decretum
351 3693 386 3731 ex
403 3673 562 3730 voluntate
619 3669 800 3732 offendendi
830 3669 989 3732 necessitas
1023 3672 1108 3734 esset.

75 3757 310 3833 provincialium
320 3755 465 3816 Lentulus
482 3758 563 3816 sece·
618 3759 686 3816 Nec
712 3772 816 3816 tomen
835 3754 990 3826 facilitate
1015 3780 1109 3838 repu-

75 3853 132 3898 ret.
176 3843 278 3921 Saepe
298 3846 378 3900 enirn
404 3845 484 3900 inter
505 3861 563 3921 pu·
619 3842 712 3902 diem.
756 3843 856 3902 Immo
878 3847 990 3905 rectius
1015 3860 1108 3924 puto.

76 3923 232 3996 blicanoa,
250 3929 311 4005 'qui
328 3925 564 4004 provincialium
620 3926 742 3986 Vellem
757 3927 808 3986 illo
831 3946 884 3986 rua
900 3929 1027 3991 facilitas
1044 3928 1111 3990 esss-

76 4011 235 4092 vectigelio
265 4010 497 4082 conducebant,
534 4027 566 4072 et
622 4032 695 4072 cere
721 4009 891 4092 potuisset,
932 4030 967 4075 ut
995 4021 1027 4077 in
1054 4016 1111 4078 illa

78 4093 178 4157 socios
206 4115 244 4157 ex
265 4095 458 4181 vectigalium
485 4095 566 4158 solu·
615 4095 720 4159 mse·
734 4094 952 4182 cognoscenda
971 4116 1004 4164 et
1024 4109 1112 4171 coiss-
