2506 4808
138 355 141 367 ,
250 280 533 352 rrrsross
577 283 731 355 xxix.
949 300 1017 381 irs

81 497 102 550 s,
120 471 182 538 sed'
197 493 293 547 eum,
316 495 418 557 quem
440 474 511 540 sors
535 473 638 540 dedit.
683 472 785 538 Hunc
800 478 951 563 'oportet
979 490 1014 547 et

81 575 176 663 ponto
197 573 262 640 esse
278 576 513 650 moderatum,
536 588 571 640 et
583 581 651 641 tuis
664 574 845 650 institutis,
867 599 905 642 ac
921 600 1015 666 prae·

81 678 357 765 sobtemperare.
405 677 562 769 Quor-um
583 674 606 740 fi
628 683 705 760 quis
724 678 819 743 forte
841 677 929 743 esset.
944 679 1014 749 sor·

81 800 109 853 r,
141 778 251 843 serres
276 793 433 854 eatenus,
465 778 578 864 quoad
599 800 662 866 per
684 776 716 843 se
741 778 933 868 negligeret
956 801 1013 852 eat

82 923 92 954 ‚
121 882 246 962 quibus
274 880 354 945 esset
376 879 571 949 adstrictuss
610 900 682 945 non
711 893 749 945 ut
771 902 811 946 ea
833 881 1016 969 potestates

99 992 138 1045 tu
156 980 199 1044 ad
222 981 424 1069 dignitatem
445 978 663 1069 permisisses,
683 981 725 1045 ad
749 983 921 1065 quaestum
944 998 1016 1057 uto·

81 1127 84 1144 .
148 1082 269 1166 Neque
298 1089 389 1151 enim
418 1081 502 1148 mihi
529 1079 606 1150 sane
641 1080 771 1167 placet,
813 1083 1013 1172 praesertim

100 1183 138 1249 hi
160 1205 277 1250 mores
303 1199 437 1255 tantum
460 1190 528 1252 iam
550 1181 592 1246 ad
613 1185 753 1249 nimiam
773 1184 948 1251 lenitatem
974 1198 1013 1253 et

81 1287 260 1355 sbitionem
272 1287 508 1366 incubuerint,
530 1282 671 1350 scrutari
688 1296 723 1346 te
739 1306 859 1352 omnes
881 1287 1010 1364 sordes,

81 1409 137 1455 ere
157 1411 434 1473 unumquemque
459 1407 593 1458 eorum:
639 1383 716 1460 sed,
754 1401 878 1471 quanta
905 1386 955 1454 sit*
972 1395 1010 1459 in

81 1494 107 1554 ie
128 1485 235 1566 fides,
256 1503 388 1559 tantum
408 1495 531 1573 cuique
549 1493 777 1555 committere.
822 1486 939 1574 Atque
960 1496 1011 1556 in.-

81 1612 131 1664 ›s,
160 1606 243 1664 eos,
271 1613 355 1676 quos
378 1595 441 1657 tibi
465 1596 629 1666 comites,
652 1603 687 1657 et
707 1591 882 1661 adiutores
906 1613 1012 1678 nego·

81 1689 335 1777 npublicorum
354 1694 450 1759 dedit
462 1692 531 1781 ipsa
543 1714 597 1760 res
611 1691 763 1780 publica,
786 1692 951 1759 duntaxat
973 1689 1010 1768 si·

96 1791 153 1857 his
172 1793 371 1879 praestabis,
393 1816 479 1878 quos
502 1805 580 1863 aute
598 1790 801 1882 praescripsi.
999 1862 1003 1871 ,

81 1895 158 1984 tuos
181 1917 263 1961 vero
288 1910 345 1963 aut
358 1919 402 1961 cx
424 1893 617 1960 domesticis
636 1897 927 1969 convictionibuS,
949 1906 1038 1987 aut4

81 1997 237 2064 :cessariis
261 1999 530 2090 apparitionibus
553 1995 755 2068 tecumesse
777 1994 927 2072 voluisti,
951 2001 1009 2080 qul

356 2167 627 2186 n--u--u--u———u

81 2272 201 2348 risors
231 2274 336 2357 dedit]
378 2269 465 2334 Sorte
521 2248 889 2353 animumqncCiceronis
903 2252 1009 2334 emen·-

85 2377 156 2418 ores
168 2380 400 2438 provinciarum
415 2380 462 2421 re
520 2358 644 2421 dando·
681 2369 797 2415 santum
818 2379 875 2415 ror
897 2361 937 2416 ad
964 2360 1009 2414 ri-

81 2463 113 2501 us
136 2443 300 2507 debentur.
341 2445 399 2524 Ep.
423 2445 464 2504 ad
520 2447 621 2503 miam.
665 2441 777 2522 Scripsi
798 2457 902 2502 eutem
925 2446 1009 2499 etad

81 2525 196 2590 lib.1l
225 2530 280 2591 ult.
305 2535 388 2590 etin
408 2528 462 2589 lib.
520 2532 726 2599 arnstrr'onern,
757 2542 794 2589 ut
818 2541 926 2605 operte
953 2523 1008 2587 he·

81 2614 234 2675 sinetione
258 2631 291 2677 et
307 2614 379 2676 alibi
399 2612 464 2676 seo
520 2614 616 2675 bebsu
629 2611 752 2673 Belliol.
777 2631 814 2670 ex
829 2630 920 2670 moso
939 2609 1009 2690 sctis

81 2692 193 2756 Manat.
519 2703 619 2781 psoris
642 2696 747 2758 nostri.
795 2690 927 2757 Gronov.
1000 2754 1003 2761 ,

81 2786 119 2838 ad
140 2804 204 2858 per.
218 2785 273 2859 se'
267 2783 463 2866 negligeret]
563 2781 681 2864 ornnes]
709 2762 863 2840 Ernestius
878 2778 1010 2851 {dubita

81 2871 137 2939 im,
170 2870 269 2929 modo
299 2890 358 2940 eo,
397 2890 462 2949 quo
519 2867 575 2929 het
596 2889 637 2930 an
656 2869 786 2929 omissum
808 2861 882 2924 eslet
902 2864 1009 2947 legen·-

92 2952 313 3014 etiamsinon
330 2952 405 3014 osset
419 2953 464 3013 le
520 2953 604 3016 dum.
640 2955 682 3015 As
696 2951 775 3013 bene
790 2949 820 3010 sc
836 2948 931 3009 babet
944 2948 1008 3010 vnl-

81 3034 278 3118 quaestor,
310 3053 340 3098 et
361 3042 393 3098 in
414 3059 462 3099 re·
519 3054 636 3124 gotum

81 3124 195 3184 ‚rivaria
216 3143 296 3190 snon
320 3122 462 3205 publicis.
564 3125 685 3183 cerastes
707 3130 737 3179 at
757 3119 931 3203 adiutores]
964 3119 1008 3181 ser

81 3207 106 3266 i.
519 3224 612 3294 gatos
631 3206 692 3267 scil.
708 3221 740 3264 et
756 3203 944 3285 quaestores.

84 3309 116 3348 us
132 3290 229 3379 esset]
243 3291 290 3352 Ita
308 3275 359 3353 ed.
368 3292 463 3354 Rom.
519 3289 746 3372 praestabis]
768 3288 797 3353 h
809 3311 835 3350 e
854 3307 888 3350 ut
905 3307 1006 3365 antea,

81 3379 219 3435 scotiam
226 3372 353 3436 Victor.
375 3378 464 3459 quod
519 3377 665 3458 reipubl.
685 3375 924 3436 abiiscavebis

111 3481 172 3540 pro
204 3462 331 3544 vulgato
360 3465 463 3542 quibus
564 3485 603 3520 erc
643 3463 810 3536 domesticis
848 3463 1006 3522 convictio-

81 3548 114 3604 ic
134 3559 167 3605 et
188 3568 263 3607 mox
284 3549 462 3623 promisisses
520 3546 623 3628 ribos]
660 3550 763 3606 amicis
792 3562 823 3606 et
848 3541 1007 3606 familiari·

81 3631 221 3706 omisisti.
237 3665 279 3682 -
314 3626 440 3708 Ernesti.
520 3633 594 3704 bus,
631 3631 773 3713 quibns'
765 3651 799 3691 m
820 3631 1006 3710 quotidiano

81 3715 203 3814 mores]
230 3719 283 3776 Sic
314 3716 385 3777 edd.
414 3738 461 3798 pr.
520 3721 663 3779 convictu
675 3714 831 3778 utebatur.

98 3801 203 3861 nonii
216 3817 251 3862 ut
263 3805 462 3867 recentiores.
519 3853 522 3858 .
562 3803 727 3877 necessariis
751 3822 847 3876 appar
849 3790 1005 3883 itionibus]

82 3887 104 3941 i·
518 3891 538 3946 i.
554 3886 704 3957 rescribis,
719 3883 889 3955 lictoribus,
901 3902 1006 3944 accen

81 3991 132 4027 om
154 3966 240 4050 iam]
261 3969 354 4030 Pater
374 3990 461 4030 meus
517 3970 574 4048 sis,
601 3971 812 4058 praeconibus
832 3984 890 4032 etc.
947 4032 950 4039 ,

81 4053 462 4120 mordacissimarum
515 4120 518 4125 ,
