<?xml version="1.0" encoding="UTF-8"?>
<!DOCTYPE html PUBLIC "-//W3C//DTD XHTML 1.0 Transitional//EN"
    "http://www.w3.org/TR/xhtml1/DTD/xhtml1-transitional.dtd">
<html xmlns="http://www.w3.org/1999/xhtml" xml:lang="en" lang="en">
 <head>
  <title>
</title>
<meta http-equiv="Content-Type" content="text/html;charset=utf-8" />
  <meta name='ocr-system' content='tesseract 3.04.00' />
  <meta name='ocr-capabilities' content='ocr_page ocr_carea ocr_par ocr_line ocrx_word'/>
</head>
<body>
  <div class='ocr_page' id='page_1' title='image "./mtciceronisepis00billgoog/mtciceronisepis00billgoog_0113.png"; bbox 0 0 2506 4808; ppageno 0'>
   <div class='ocr_carea' id='block_1_1' title="bbox 136 264 946 349">
    <p class='ocr_par' dir='ltr' id='par_1_1' title="bbox 136 264 946 349">
     <span class='ocr_line' id='line_1_1' title="bbox 136 264 946 349; baseline 0.006 -5"><span class='ocrx_word' id='word_1_1' title='bbox 136 300 196 345; x_wconf 68' lang='grc' dir='ltr'><strong>ιω</strong></span> <span class='ocrx_word' id='word_1_2' title='bbox 403 274 679 346; x_wconf 72' lang='lat' dir='ltr'><strong>amaruan</strong></span> <span class='ocrx_word' id='word_1_3' title='bbox 729 277 887 349; x_wconf 83' lang='lat' dir='ltr'><strong>xxm.</strong></span> <span class='ocrx_word' id='word_1_4' title='bbox 943 264 946 269; x_wconf 86' lang='grc'><strong><em>’</em></strong></span> 
     </span>
    </p>
   </div>
   <div class='ocr_carea' id='block_1_2' title="bbox 105 460 1043 1362">
    <p class='ocr_par' dir='ltr' id='par_1_2' title="bbox 134 460 1042 831">
     <span class='ocr_line' id='line_1_2' title="bbox 134 460 1042 547; baseline 0.009 -19"><span class='ocrx_word' id='word_1_5' title='bbox 134 469 204 528; x_wconf 88' lang='lat' dir='ltr'><strong>nati</strong></span> <span class='ocrx_word' id='word_1_6' title='bbox 226 469 355 547; x_wconf 83' lang='lat' dir='ltr'><strong>equites</strong></span> <span class='ocrx_word' id='word_1_7' title='bbox 373 460 528 530; x_wconf 87' lang='lat' dir='ltr'><strong>Romani.</strong></span> <span class='ocrx_word' id='word_1_8' title='bbox 572 463 631 532; x_wconf 88' lang='lat' dir='ltr'><strong>Sic</strong></span> <span class='ocrx_word' id='word_1_9' title='bbox 653 465 708 531; x_wconf 88' lang='lat' dir='ltr'><strong>ille</strong></span> <span class='ocrx_word' id='word_1_10' title='bbox 729 486 835 533; x_wconf 84' lang='lat' dir='ltr'><strong>annus</strong></span> <span class='ocrx_word' id='word_1_11' title='bbox 858 463 1042 536; x_wconf 73' lang='lat' dir='ltr'><strong>duo&#39;firmt</strong></span> 
     </span>
     <span class='ocr_line' id='line_1_3' title="bbox 135 566 1042 653; baseline 0.008 -23"><span class='ocrx_word' id='word_1_12' title='bbox 135 571 185 630; x_wconf 90' lang='lat' dir='ltr'><strong>rei</strong></span> <span class='ocrx_word' id='word_1_13' title='bbox 199 566 363 653; x_wconf 89' lang='lat' dir='ltr'><strong>publicae,</strong></span> <span class='ocrx_word' id='word_1_14' title='bbox 382 587 445 653; x_wconf 89' lang='lat' dir='ltr'><strong>per</strong></span> <span class='ocrx_word' id='word_1_15' title='bbox 463 587 517 628; x_wconf 89' lang='lat' dir='ltr'><strong>me</strong></span> <span class='ocrx_word' id='word_1_16' title='bbox 534 589 638 631; x_wconf 89' lang='lat' dir='ltr'><strong>unum</strong></span> <span class='ocrx_word' id='word_1_17' title='bbox 656 568 847 642; x_wconf 88' lang='lat' dir='ltr'><strong>constituta,</strong></span> <span class='ocrx_word' id='word_1_18' title='bbox 871 576 1013 636; x_wconf 84' lang='lat' dir='ltr'><strong>evertit:</strong></span> <span class='ocrx_word' id='word_1_19' title='bbox 1036 597 1042 637; x_wconf 82' lang='lat'>1</span> 
     </span>
     <span class='ocr_line' id='line_1_4' title="bbox 135 663 1042 743; baseline 0.012 -14"><span class='ocrx_word' id='word_1_20' title='bbox 135 663 267 730; x_wconf 85' lang='lat' dir='ltr'><strong>senatus</strong></span> <span class='ocrx_word' id='word_1_21' title='bbox 294 670 528 732; x_wconf 82' lang='lat' dir='ltr'><strong>auctoritatem</strong></span> <span class='ocrx_word' id='word_1_22' title='bbox 549 669 686 743; x_wconf 87' lang='lat' dir='ltr'><strong>abiecit,</strong></span> <span class='ocrx_word' id='word_1_23' title='bbox 709 681 743 733; x_wconf 87' lang='lat' dir='ltr'><strong>et</strong></span> <span class='ocrx_word' id='word_1_24' title='bbox 758 669 918 734; x_wconf 85' lang='lat' dir='ltr'>ordinum</span> <span class='ocrx_word' id='word_1_25' title='bbox 940 692 1042 739; x_wconf 79' lang='lat' dir='ltr'><strong>conc(</strong></span> 
     </span>
     <span class='ocr_line' id='line_1_5' title="bbox 134 765 309 831; baseline 0.006 -2"><span class='ocrx_word' id='word_1_26' title='bbox 134 765 309 831; x_wconf 84' lang='lat' dir='ltr'><strong>disiunxit.</strong></span> 
     </span>
    </p>

    <p class='ocr_par' dir='ltr' id='par_1_3' title="bbox 105 867 1043 1362">
     <span class='ocr_line' id='line_1_6' title="bbox 105 867 1043 958; baseline 0.013 -29"><span class='ocrx_word' id='word_1_27' title='bbox 105 890 129 953; x_wconf 82' lang='lat'><strong>5-</strong></span> <span class='ocrx_word' id='word_1_28' title='bbox 218 868 321 933; x_wconf 85' lang='lat' dir='ltr'><strong>Instat</strong></span> <span class='ocrx_word' id='word_1_29' title='bbox 334 867 390 934; x_wconf 89' lang='lat' dir='ltr'><strong>hic</strong></span> <span class='ocrx_word' id='word_1_30' title='bbox 407 891 498 935; x_wconf 89' lang='lat' dir='ltr'><strong>nunc</strong></span> <span class='ocrx_word' id='word_1_31' title='bbox 518 868 574 935; x_wconf 85' lang='lat' dir='ltr'><strong>ille</strong></span> <span class='ocrx_word' id='word_1_32' title='bbox 590 889 697 934; x_wconf 83' lang='lat' dir='ltr'><strong>annus</strong></span> <span class='ocrx_word' id='word_1_33' title='bbox 717 875 886 958; x_wconf 82' lang='lat' dir='ltr'><strong>egregius.</strong></span> <span class='ocrx_word' id='word_1_34' title='bbox 930 872 1013 939; x_wconf 87' lang='lat' dir='ltr'><strong>Eius</strong></span> <span class='ocrx_word' id='word_1_35' title='bbox 1033 881 1043 943; x_wconf 89' lang='lat' dir='ltr'><strong>i</strong></span> 
     </span>
     <span class='ocr_line' id='line_1_7' title="bbox 137 969 1042 1045; baseline 0.009 -14"><span class='ocrx_word' id='word_1_36' title='bbox 137 969 305 1032; x_wconf 82' lang='lat' dir='ltr'><strong>eiusmodi</strong></span> <span class='ocrx_word' id='word_1_37' title='bbox 338 971 419 1045; x_wconf 86' lang='lat' dir='ltr'><strong>fuit,</strong></span> <span class='ocrx_word' id='word_1_38' title='bbox 463 983 502 1036; x_wconf 93' lang='lat' dir='ltr'><strong>ut</strong></span> <span class='ocrx_word' id='word_1_39' title='bbox 523 969 746 1034; x_wconf 82' lang='lat' dir='ltr'><strong>anniversaria</strong></span> <span class='ocrx_word' id='word_1_40' title='bbox 777 970 865 1036; x_wconf 78' lang='lat' dir='ltr'><strong>sacra</strong></span> <span class='ocrx_word' id='word_1_41' title='bbox 882 971 1042 1039; x_wconf 87' lang='lat' dir='ltr'><strong>Iuventat</strong></span> 
     </span>
     <span class='ocr_line' id='line_1_8' title="bbox 136 1069 1039 1139; baseline 0.008 -7"><span class='ocrx_word' id='word_1_42' title='bbox 136 1075 446 1136; x_wconf 70' lang='lat' dir='ltr'><strong>committerentur.</strong></span> <span class='ocrx_word' id='word_1_43' title='bbox 491 1070 578 1135; x_wconf 84' lang='lat' dir='ltr'><strong>Nam</strong></span> <span class='ocrx_word' id='word_1_44' title='bbox 594 1070 644 1137; x_wconf 85' lang='lat' dir='ltr'><strong>M.</strong></span> <span class='ocrx_word' id='word_1_45' title='bbox 663 1069 795 1136; x_wconf 80' lang='lat' dir='ltr'>Luculli</span> <span class='ocrx_word' id='word_1_46' title='bbox 819 1093 964 1138; x_wconf 84' lang='lat' dir='ltr'><strong>uxorem</strong></span> <span class='ocrx_word' id='word_1_47' title='bbox 979 1074 1039 1139; x_wconf 88' lang='lat' dir='ltr'><strong>Me</strong></span> 
     </span>
     <span class='ocr_line' id='line_1_9' title="bbox 135 1166 1042 1263; baseline 0.011 -32"><span class='ocrx_word' id='word_1_48' title='bbox 135 1166 203 1233; x_wconf 79' lang='lat' dir='ltr'><strong>suis</strong></span> <span class='ocrx_word' id='word_1_49' title='bbox 227 1169 328 1234; x_wconf 85' lang='lat' dir='ltr'><strong>sacris</strong></span> <span class='ocrx_word' id='word_1_50' title='bbox 349 1176 505 1238; x_wconf 82' lang='lat' dir='ltr'><strong>initiavit.</strong></span> <span class='ocrx_word' id='word_1_51' title='bbox 549 1170 745 1245; x_wconf 83' lang='lat' dir='ltr'><strong>Menelaus,</strong></span> <span class='ocrx_word' id='word_1_52' title='bbox 780 1193 878 1261; x_wconf 81' lang='lat' dir='ltr'><strong>aegre</strong></span> <span class='ocrx_word' id='word_1_53' title='bbox 897 1173 933 1238; x_wconf 88' lang='lat' dir='ltr'><strong>id</strong></span> <span class='ocrx_word' id='word_1_54' title='bbox 954 1175 1042 1263; x_wconf 83' lang='lat' dir='ltr'><strong>passu</strong></span> 
     </span>
     <span class='ocr_line' id='line_1_10' title="bbox 134 1270 1028 1362; baseline 0.008 -26"><span class='ocrx_word' id='word_1_55' title='bbox 134 1275 286 1338; x_wconf 82' lang='lat' dir='ltr'><strong>vortium</strong></span> <span class='ocrx_word' id='word_1_56' title='bbox 314 1272 408 1341; x_wconf 82' lang='lat' dir='ltr'><strong>fecit.</strong></span> <span class='ocrx_word' id='word_1_57' title='bbox 454 1270 667 1362; x_wconf 86' lang='lat' dir='ltr'><strong>Quamquam</strong></span> <span class='ocrx_word' id='word_1_58' title='bbox 687 1271 744 1337; x_wconf 88' lang='lat' dir='ltr'><strong>ille</strong></span> <span class='ocrx_word' id='word_1_59' title='bbox 770 1271 884 1360; x_wconf 82' lang='lat' dir='ltr'><strong>pastor</strong></span> <span class='ocrx_word' id='word_1_60' title='bbox 906 1274 1028 1344; x_wconf 84' lang='lat' dir='ltr'><strong>Idaeus</strong></span> 
     </span>
    </p>
   </div>
   <div class='ocr_carea' id='block_1_3' title="bbox 99 1576 1043 4105">
    <p class='ocr_par' dir='ltr' id='par_1_4' title="bbox 99 1576 1043 4105">
     <span class='ocr_line' id='line_1_11' title="bbox 135 1576 1042 1666; baseline 0.003 -24"><span class='ocrx_word' id='word_1_61' title='bbox 135 1577 226 1642; x_wconf 82' lang='lat' dir='ltr'><strong>bunia</strong></span> <span class='ocrx_word' id='word_1_62' title='bbox 254 1580 297 1662; x_wconf 84' lang='lat' dir='ltr'><strong>pl.</strong></span> <span class='ocrx_word' id='word_1_63' title='bbox 326 1580 468 1646; x_wconf 78' lang='lat' dir='ltr'><strong>seditiose</strong></span> <span class='ocrx_word' id='word_1_64' title='bbox 497 1586 623 1644; x_wconf 85' lang='lat' dir='ltr'><strong>concio·</strong></span> <span class='ocrx_word' id='word_1_65' title='bbox 678 1580 963 1656; x_wconf 66' lang='lat' dir='ltr'><strong>terdecimum,</strong></span> <span class='ocrx_word' id='word_1_66' title='bbox 980 1576 1042 1666; x_wconf 79' lang='lat' dir='ltr'><strong>qua</strong></span> 
     </span>
     <span class='ocr_line' id='line_1_12' title="bbox 136 1665 1042 1730; baseline 0.003 -4"><span class='ocrx_word' id='word_1_67' title='bbox 136 1665 290 1729; x_wconf 72' lang='lat' dir='ltr'><strong>nantibus.</strong></span> <span class='ocrx_word' id='word_1_68' title='bbox 335 1665 456 1726; x_wconf 79' lang='lat' dir='ltr'><strong>Manat.</strong></span> <span class='ocrx_word' id='word_1_69' title='bbox 679 1670 720 1728; x_wconf 83' lang='lat' dir='ltr'><strong>cis</strong></span> <span class='ocrx_word' id='word_1_70' title='bbox 745 1666 843 1727; x_wconf 85' lang='lat' dir='ltr'><strong>Hebe.</strong></span> <span class='ocrx_word' id='word_1_71' title='bbox 884 1669 921 1728; x_wconf 90' lang='lat' dir='ltr'><strong>In</strong></span> <span class='ocrx_word' id='word_1_72' title='bbox 943 1669 1042 1730; x_wconf 83' lang='lat' dir='ltr'><strong>Bruto</strong></span> 
     </span>
     <span class='ocr_line' id='line_1_13' title="bbox 178 1748 1042 1836; baseline 0 -24"><span class='ocrx_word' id='word_1_73' title='bbox 178 1753 304 1812; x_wconf 81' lang='lat' dir='ltr'><strong>alienati</strong></span> <span class='ocrx_word' id='word_1_74' title='bbox 317 1752 454 1836; x_wconf 78' lang='lat' dir='ltr'><strong>equites]</strong></span> <span class='ocrx_word' id='word_1_75' title='bbox 487 1756 540 1828; x_wconf 86' lang='lat' dir='ltr'><strong>qui</strong></span> <span class='ocrx_word' id='word_1_76' title='bbox 555 1770 623 1832; x_wconf 83' lang='lat' dir='ltr'><strong>gra·</strong></span> <span class='ocrx_word' id='word_1_77' title='bbox 678 1766 763 1811; x_wconf 85' lang='lat' dir='ltr'><strong>recte</strong></span> <span class='ocrx_word' id='word_1_78' title='bbox 783 1750 923 1812; x_wconf 83' lang='lat' dir='ltr'><strong>scribitur</strong></span> <span class='ocrx_word' id='word_1_79' title='bbox 943 1748 1042 1815; x_wconf 72' lang='lat' dir='ltr'><strong>luceru</strong></span> 
     </span>
     <span class='ocr_line' id='line_1_14' title="bbox 99 1832 1042 1919; baseline 0 -22"><span class='ocrx_word' id='word_1_80' title='bbox 99 1832 108 1857; x_wconf 62' lang='lat'><strong>‘²</strong></span> <span class='ocrx_word' id='word_1_81' title='bbox 135 1838 214 1905; x_wconf 84' lang='lat' dir='ltr'><strong>viter</strong></span> <span class='ocrx_word' id='word_1_82' title='bbox 246 1837 384 1899; x_wconf 88' lang='lat' dir='ltr'><strong>tulerunt</strong></span> <span class='ocrx_word' id='word_1_83' title='bbox 410 1859 447 1898; x_wconf 83' lang='lat' dir='ltr'><strong>ex</strong></span> <span class='ocrx_word' id='word_1_84' title='bbox 468 1838 526 1901; x_wconf 83' lang='lat' dir='ltr'><strong>SC.</strong></span> <span class='ocrx_word' id='word_1_85' title='bbox 548 1856 623 1917; x_wconf 79' lang='lat' dir='ltr'><strong>pro·</strong></span> <span class='ocrx_word' id='word_1_86' title='bbox 680 1838 713 1897; x_wconf 83' lang='lat' dir='ltr'><strong>di</strong></span> <span class='ocrx_word' id='word_1_87' title='bbox 721 1856 733 1907; x_wconf 87' lang='lat'><strong>‚·</strong></span> <span class='ocrx_word' id='word_1_88' title='bbox 765 1840 829 1919; x_wconf 82' lang='lat' dir='ltr'><strong>egit</strong></span> <span class='ocrx_word' id='word_1_89' title='bbox 849 1835 892 1896; x_wconf 88' lang='lat' dir='ltr'><strong>ibi</strong></span> <span class='ocrx_word' id='word_1_90' title='bbox 912 1837 952 1898; x_wconf 88' lang='lat' dir='ltr'><strong>de</strong></span> <span class='ocrx_word' id='word_1_91' title='bbox 970 1839 1042 1901; x_wconf 72' lang='lat' dir='ltr'><strong>tud·</strong></span> 
     </span>
     <span class='ocr_line' id='line_1_15' title="bbox 134 1918 1042 2004; baseline 0.002 -23"><span class='ocrx_word' id='word_1_92' title='bbox 134 1920 307 2004; x_wconf 82' lang='lat' dir='ltr'><strong>mulgetum</strong></span> <span class='ocrx_word' id='word_1_93' title='bbox 330 1918 436 1996; x_wconf 84' lang='lat' dir='ltr'><strong>suilla,</strong></span> <span class='ocrx_word' id='word_1_94' title='bbox 458 1937 494 1981; x_wconf 85' lang='lat' dir='ltr'><strong>ut</strong></span> <span class='ocrx_word' id='word_1_95' title='bbox 515 1922 555 1983; x_wconf 91' lang='lat' dir='ltr'><strong>de</strong></span> <span class='ocrx_word' id='word_1_96' title='bbox 576 1925 621 1994; x_wconf 76' lang='lat' dir='ltr'><strong>iis,</strong></span> <span class='ocrx_word' id='word_1_97' title='bbox 680 1919 792 2002; x_wconf 82' lang='lat' dir='ltr'><strong>quibua</strong></span> <span class='ocrx_word' id='word_1_98' title='bbox 804 1921 854 1980; x_wconf 89' lang='lat' dir='ltr'><strong>hic</strong></span> <span class='ocrx_word' id='word_1_99' title='bbox 867 1922 923 1980; x_wconf 85' lang='lat' dir='ltr'><strong>scri</strong></span> <span class='ocrx_word' id='word_1_100' title='bbox 946 1925 980 1983; x_wconf 84' lang='lat' dir='ltr'><strong>it.</strong></span> <span class='ocrx_word' id='word_1_101' title='bbox 1002 1924 1042 1983; x_wconf 86' lang='lat' dir='ltr'><strong>Vi</strong></span> 
     </span>
     <span class='ocr_line' id='line_1_16' title="bbox 129 2004 1042 2088; baseline 0.004 -24"><span class='ocrx_word' id='word_1_102' title='bbox 129 2004 623 2088; x_wconf 85' lang='lat' dir='ltr'><strong>&#39;quiebiudlcaudumpecuniam</strong></span> <span class='ocrx_word' id='word_1_103' title='bbox 679 2008 788 2066; x_wconf 72' lang='lat' dir='ltr'><strong>novius</strong></span> <span class='ocrx_word' id='word_1_104' title='bbox 814 2006 933 2067; x_wconf 85' lang='lat' dir='ltr'><strong>edLiv.</strong></span> <span class='ocrx_word' id='word_1_105' title='bbox 981 2009 1042 2087; x_wconf 79' lang='lat' dir='ltr'><strong>XX</strong></span> 
     </span>
     <span class='ocr_line' id='line_1_17' title="bbox 131 2086 954 2174; baseline -0.004 -24"><span class='ocrx_word' id='word_1_106' title='bbox 131 2088 331 2171; x_wconf 73' lang='lat' dir='ltr'><strong>accepissem,</strong></span> <span class='ocrx_word' id='word_1_107' title='bbox 351 2107 555 2174; x_wconf 80' lang='lat' dir='ltr'><strong>quaereretur</strong></span> <span class='ocrx_word' id='word_1_108' title='bbox 572 2110 622 2173; x_wconf 85' lang='lat' dir='ltr'><strong>ep.</strong></span> <span class='ocrx_word' id='word_1_109' title='bbox 683 2086 794 2149; x_wconf 80' lang='lat' dir='ltr'><strong>Graec.</strong></span> <span class='ocrx_word' id='word_1_110' title='bbox 951 2126 954 2131; x_wconf 68' lang='lat'><em>,</em></span> 
     </span>
     <span class='ocr_line' id='line_1_18' title="bbox 135 2169 1013 2255; baseline 0.001 -20"><span class='ocrx_word' id='word_1_111' title='bbox 135 2172 202 2255; x_wconf 86' lang='lat' dir='ltr'><strong>sup.</strong></span> <span class='ocrx_word' id='word_1_112' title='bbox 249 2172 377 2234; x_wconf 75' lang='lat' dir='ltr'><strong>Correus.</strong></span> <span class='ocrx_word' id='word_1_113' title='bbox 722 2197 792 2234; x_wconf 86' lang='lat' dir='ltr'><strong>nam</strong></span> <span class='ocrx_word' id='word_1_114' title='bbox 821 2170 869 2233; x_wconf 88' lang='lat' dir='ltr'><strong>M.</strong></span> <span class='ocrx_word' id='word_1_115' title='bbox 895 2169 1013 2237; x_wconf 77' lang='lat' dir='ltr'><strong>Luculli</strong></span> 
     </span>
     <span class='ocr_line' id='line_1_19' title="bbox 132 2254 1042 2345; baseline 0.001 -28"><span class='ocrx_word' id='word_1_116' title='bbox 132 2262 158 2301; x_wconf 89' lang='lat'><strong>·&#39;</strong></span> <span class='ocrx_word' id='word_1_117' title='bbox 180 2263 231 2319; x_wconf 84' lang='lat' dir='ltr'><strong>ille</strong></span> <span class='ocrx_word' id='word_1_118' title='bbox 257 2261 377 2345; x_wconf 78' lang='lat' dir='ltr'><strong>annau]</strong></span> <span class='ocrx_word' id='word_1_119' title='bbox 432 2256 563 2322; x_wconf 78' lang='lat' dir='ltr'><strong>Messala</strong></span> <span class='ocrx_word' id='word_1_120' title='bbox 591 2271 624 2319; x_wconf 81' lang='lat' dir='ltr'><strong>et</strong></span> <span class='ocrx_word' id='word_1_121' title='bbox 680 2255 844 2319; x_wconf 82' lang='lat' dir='ltr'><strong>Memmius</strong></span> <span class='ocrx_word' id='word_1_122' title='bbox 860 2260 922 2333; x_wconf 76' lang='lat' dir='ltr'><strong>suis</strong></span> <span class='ocrx_word' id='word_1_123' title='bbox 941 2254 1042 2335; x_wconf 69' lang='lat' dir='ltr'><strong>suerit*</strong></span> 
     </span>
     <span class='ocr_line' id='line_1_20' title="bbox 131 2341 1042 2428; baseline 0 -23"><span class='ocrx_word' id='word_1_124' title='bbox 131 2343 247 2406; x_wconf 80' lang='lat' dir='ltr'><strong>Pisone</strong></span> <span class='ocrx_word' id='word_1_125' title='bbox 266 2343 344 2407; x_wconf 78' lang='lat' dir='ltr'><strong>Coss.</strong></span> <span class='ocrx_word' id='word_1_126' title='bbox 392 2341 520 2407; x_wconf 75' lang='lat' dir='ltr'><strong>carrad.</strong></span> <span class='ocrx_word' id='word_1_127' title='bbox 679 2344 748 2428; x_wconf 85' lang='lat' dir='ltr'><strong>vit]</strong></span> <span class='ocrx_word' id='word_1_128' title='bbox 794 2345 827 2405; x_wconf 81' lang='lat' dir='ltr'><strong>C.</strong></span> <span class='ocrx_word' id='word_1_129' title='bbox 845 2345 1042 2405; x_wconf 66' lang='lat' dir='ltr'><strong>Memmiusvl</strong></span> 
     </span>
     <span class='ocr_line' id='line_1_21' title="bbox 179 2427 1041 2511; baseline 0.005 -24"><span class='ocrx_word' id='word_1_130' title='bbox 179 2452 247 2488; x_wconf 87' lang='lat' dir='ltr'><strong>nam</strong></span> <span class='ocrx_word' id='word_1_131' title='bbox 270 2445 299 2489; x_wconf 85' lang='lat' dir='ltr'><strong>et</strong></span> <span class='ocrx_word' id='word_1_132' title='bbox 320 2434 439 2507; x_wconf 82' lang='lat' dir='ltr'><strong>senatus</strong></span> <span class='ocrx_word' id='word_1_133' title='bbox 462 2429 621 2489; x_wconf 76' lang='lat' dir='ltr'><strong>auctorite·</strong></span> <span class='ocrx_word' id='word_1_134' title='bbox 680 2451 708 2490; x_wconf 84' lang='lat' dir='ltr'><strong>a.</strong></span> <span class='ocrx_word' id='word_1_135' title='bbox 723 2450 754 2491; x_wconf 86' lang='lat' dir='ltr'><strong>u.</strong></span> <span class='ocrx_word' id='word_1_136' title='bbox 774 2430 845 2509; x_wconf 84' lang='lat'><strong>687.</strong></span> <span class='ocrx_word' id='word_1_137' title='bbox 863 2427 1041 2511; x_wconf 81' lang='lat' dir='ltr'><strong>tribunuap</strong></span> 
     </span>
     <span class='ocr_line' id='line_1_22' title="bbox 137 2512 1036 2605; baseline 0.007 -35"><span class='ocrx_word' id='word_1_138' title='bbox 137 2524 198 2572; x_wconf 84' lang='lat' dir='ltr'><strong>tem</strong></span> <span class='ocrx_word' id='word_1_139' title='bbox 212 2515 340 2605; x_wconf 82' lang='lat' dir='ltr'><strong>abiecit]</strong></span> <span class='ocrx_word' id='word_1_140' title='bbox 372 2513 623 2594; x_wconf 82' lang='lat' dir='ltr'><strong>Ernestiua‚quie</strong></span> <span class='ocrx_word' id='word_1_141' title='bbox 680 2536 708 2575; x_wconf 86' lang='lat' dir='ltr'><strong>a.</strong></span> <span class='ocrx_word' id='word_1_142' title='bbox 724 2516 842 2593; x_wconf 74' lang='lat' dir='ltr'><strong>u.694.</strong></span> <span class='ocrx_word' id='word_1_143' title='bbox 859 2512 1036 2576; x_wconf 84' lang='lat' dir='ltr'><strong>Caesereet</strong></span> 
     </span>
     <span class='ocr_line' id='line_1_23' title="bbox 137 2596 1042 2678; baseline 0.001 -20"><span class='ocrx_word' id='word_1_144' title='bbox 137 2597 242 2663; x_wconf 71' lang='lat' dir='ltr'><strong>durius</strong></span> <span class='ocrx_word' id='word_1_145' title='bbox 273 2598 346 2661; x_wconf 83' lang='lat' dir='ltr'><strong>esset</strong></span> <span class='ocrx_word' id='word_1_146' title='bbox 377 2620 467 2660; x_wconf 81' lang='lat' dir='ltr'><em>annus</em></span> <span class='ocrx_word' id='word_1_147' title='bbox 501 2601 622 2671; x_wconf 81' lang='lat' dir='ltr'><strong>abiecit,</strong></span> <span class='ocrx_word' id='word_1_148' title='bbox 679 2596 751 2660; x_wconf 88' lang='lat' dir='ltr'><strong>coll.</strong></span> <span class='ocrx_word' id='word_1_149' title='bbox 770 2613 907 2678; x_wconf 87' lang='lat' dir='ltr'><strong>praetor.</strong></span> <span class='ocrx_word' id='word_1_150' title='bbox 936 2601 1042 2660; x_wconf 63' lang='grc' dir='ltr'>Μίνωι</span> 
     </span>
     <span class='ocr_line' id='line_1_24' title="bbox 131 2682 1027 2771; baseline -0.001 -25"><span class='ocrx_word' id='word_1_151' title='bbox 131 2685 271 2771; x_wconf 69' lang='lat' dir='ltr'><strong>malebat</strong></span> <span class='ocrx_word' id='word_1_152' title='bbox 280 2708 349 2744; x_wconf 82' lang='lat' dir='ltr'><strong>nam</strong></span> <span class='ocrx_word' id='word_1_153' title='bbox 357 2689 476 2763; x_wconf 82' lang='lat' dir='ltr'><strong>senatus</strong></span> <span class='ocrx_word' id='word_1_154' title='bbox 486 2696 516 2743; x_wconf 83' lang='lat' dir='ltr'><strong>et</strong></span> <span class='ocrx_word' id='word_1_155' title='bbox 524 2694 622 2743; x_wconf 81' lang='lat' dir='ltr'><strong>aucto·</strong></span> <span class='ocrx_word' id='word_1_156' title='bbox 679 2683 743 2744; x_wconf 89' lang='lat' dir='ltr'><strong>lum</strong></span> <span class='ocrx_word' id='word_1_157' title='bbox 760 2683 947 2744; x_wconf 85' lang='lat' dir='ltr'><strong>I’olitianum</strong></span> <span class='ocrx_word' id='word_1_158' title='bbox 964 2682 1027 2745; x_wconf 90' lang='lat' dir='ltr'><strong>hoc</strong></span> 
     </span>
     <span class='ocr_line' id='line_1_25' title="bbox 136 2765 1042 2850; baseline -0.001 -20"><span class='ocrx_word' id='word_1_159' title='bbox 136 2772 258 2832; x_wconf 75' lang='lat' dir='ltr'><strong>ritatem</strong></span> <span class='ocrx_word' id='word_1_160' title='bbox 271 2774 386 2832; x_wconf 85' lang='lat' dir='ltr'><strong>abiecit.</strong></span> <span class='ocrx_word' id='word_1_161' title='bbox 418 2771 481 2831; x_wconf 86' lang='lat' dir='ltr'><strong>Sed</strong></span> <span class='ocrx_word' id='word_1_162' title='bbox 495 2791 550 2831; x_wconf 81' lang='lat' dir='ltr'><strong>cur</strong></span> <span class='ocrx_word' id='word_1_163' title='bbox 566 2768 622 2829; x_wconf 90' lang='lat' dir='ltr'><strong>du·</strong></span> <span class='ocrx_word' id='word_1_164' title='bbox 677 2765 766 2842; x_wconf 80' lang='lat' dir='ltr'><strong>xiss&#39;e,</strong></span> <span class='ocrx_word' id='word_1_165' title='bbox 791 2768 880 2850; x_wconf 89' lang='lat' dir='ltr'><strong>quod</strong></span> <span class='ocrx_word' id='word_1_166' title='bbox 896 2770 1042 2829; x_wconf 83' lang='lat' dir='ltr'><strong>Memmiu</strong></span> 
     </span>
     <span class='ocr_line' id='line_1_26' title="bbox 135 2851 1042 2936; baseline -0.004 -18"><span class='ocrx_word' id='word_1_167' title='bbox 135 2858 198 2918; x_wconf 77' lang='lat' dir='ltr'><strong>alus</strong></span> <span class='ocrx_word' id='word_1_168' title='bbox 219 2855 255 2918; x_wconf 83' lang='lat' dir='ltr'><strong>fit</strong></span> <span class='ocrx_word' id='word_1_169' title='bbox 275 2878 366 2918; x_wconf 84' lang='lat' dir='ltr'><strong>annus</strong></span> <span class='ocrx_word' id='word_1_170' title='bbox 383 2858 504 2928; x_wconf 81' lang='lat' dir='ltr'><strong>abiecit,</strong></span> <span class='ocrx_word' id='word_1_171' title='bbox 527 2875 622 2936; x_wconf 89' lang='lat' dir='ltr'><strong>quam</strong></span> <span class='ocrx_word' id='word_1_172' title='bbox 677 2851 1005 2935; x_wconf 84' lang='lat' dir='ltr'><strong>nummiaquibuadam</strong></span> <span class='ocrx_word' id='word_1_173' title='bbox 1020 2859 1042 2914; x_wconf 82' lang='lat' dir='ltr'><strong>ia</strong></span> 
     </span>
     <span class='ocr_line' id='line_1_27' title="bbox 135 2938 1042 3022; baseline -0.001 -22"><span class='ocrx_word' id='word_1_174' title='bbox 135 2941 235 3022; x_wconf 85' lang='lat' dir='ltr'><strong>paulo</strong></span> <span class='ocrx_word' id='word_1_175' title='bbox 265 2957 338 3003; x_wconf 82' lang='lat' dir='ltr'><strong>ente</strong></span> <span class='ocrx_word' id='word_1_176' title='bbox 364 2960 455 3000; x_wconf 79' lang='lat' dir='ltr'><strong>annus</strong></span> <span class='ocrx_word' id='word_1_177' title='bbox 489 2939 621 3000; x_wconf 80' lang='lat' dir='ltr'><strong>euertit?</strong></span> <span class='ocrx_word' id='word_1_178' title='bbox 678 2954 731 3000; x_wconf 89' lang='lat' dir='ltr'><strong>tor</strong></span> <span class='ocrx_word' id='word_1_179' title='bbox 746 2938 885 2998; x_wconf 78' lang='lat' dir='ltr'><strong>Cerealia</strong></span> <span class='ocrx_word' id='word_1_180' title='bbox 907 2942 1042 3017; x_wconf 22' lang='lat' dir='ltr'><strong>primus*</strong></span> 
     </span>
     <span class='ocr_line' id='line_1_28' title="bbox 136 3014 1034 3108; baseline -0.001 -23"><span class='ocrx_word' id='word_1_181' title='bbox 136 3025 248 3108; x_wconf 80' lang='lat' dir='ltr'><strong>Itaque</strong></span> <span class='ocrx_word' id='word_1_182' title='bbox 267 3025 343 3088; x_wconf 87' lang='lat' dir='ltr'><strong>nihil</strong></span> <span class='ocrx_word' id='word_1_183' title='bbox 369 3014 562 3093; x_wconf 70' lang='lat' dir='ltr'><strong>mutandum.</strong></span> <span class='ocrx_word' id='word_1_184' title='bbox 679 3043 869 3106; x_wconf 81' lang='lat' dir='ltr'><strong>quamquem</strong></span> <span class='ocrx_word' id='word_1_185' title='bbox 898 3043 968 3082; x_wconf 87' lang='lat' dir='ltr'><strong>cum</strong></span> <span class='ocrx_word' id='word_1_186' title='bbox 995 3045 1034 3084; x_wconf 87' lang='lat' dir='ltr'><strong>eo</strong></span> 
     </span>
     <span class='ocr_line' id='line_1_29' title="bbox 180 3102 1042 3194; baseline -0.003 -23"><span class='ocrx_word' id='word_1_187' title='bbox 180 3115 316 3171; x_wconf 80' lang='lat' dir='ltr'><strong>ordinum</strong></span> <span class='ocrx_word' id='word_1_188' title='bbox 337 3109 546 3194; x_wconf 80' lang='lat' dir='ltr'><strong>concordiam]</strong></span> <span class='ocrx_word' id='word_1_189' title='bbox 577 3105 622 3168; x_wconf 86' lang='lat' dir='ltr'><strong>[e-</strong></span> <span class='ocrx_word' id='word_1_190' title='bbox 678 3111 741 3168; x_wconf 75' lang='lat' dir='ltr'><strong>alna</strong></span> <span class='ocrx_word' id='word_1_191' title='bbox 753 3123 784 3168; x_wconf 85' lang='lat' dir='ltr'><strong>et</strong></span> <span class='ocrx_word' id='word_1_192' title='bbox 793 3102 944 3168; x_wconf 75' lang='lat' dir='ltr'><strong>Ernestins</strong></span> <span class='ocrx_word' id='word_1_193' title='bbox 961 3108 1042 3168; x_wconf 70' lang='lat' dir='ltr'><strong>const</strong></span> 
     </span>
     <span class='ocr_line' id='line_1_30' title="bbox 134 3188 1042 3277; baseline -0.008 -21"><span class='ocrx_word' id='word_1_194' title='bbox 134 3202 250 3256; x_wconf 75' lang='lat' dir='ltr'><strong>notorii</strong></span> <span class='ocrx_word' id='word_1_195' title='bbox 273 3194 476 3277; x_wconf 83' lang='lat' dir='ltr'><strong>etequestria.</strong></span> <span class='ocrx_word' id='word_1_196' title='bbox 682 3188 747 3251; x_wconf 82' lang='lat' dir='ltr'><strong>Suis</strong></span> <span class='ocrx_word' id='word_1_197' title='bbox 782 3194 877 3268; x_wconf 83' lang='lat' dir='ltr'><strong>sacris</strong></span> <span class='ocrx_word' id='word_1_198' title='bbox 917 3195 1042 3252; x_wconf 69' lang='lat' dir='ltr'><strong>initiavit</strong></span> 
     </span>
     <span class='ocr_line' id='line_1_31' title="bbox 177 3274 1042 3367; baseline -0.005 -28"><span class='ocrx_word' id='word_1_199' title='bbox 177 3280 624 3367; x_wconf 78' lang='lat' dir='ltr'><strong>5.instatuunc]i.e.iamegi·</strong></span> <span class='ocrx_word' id='word_1_200' title='bbox 673 3277 765 3338; x_wconf 85' lang='lat' dir='ltr'><strong>¹aliud</strong></span> <span class='ocrx_word' id='word_1_201' title='bbox 798 3274 857 3351; x_wconf 85' lang='lat' dir='ltr'><strong>est,</strong></span> <span class='ocrx_word' id='word_1_202' title='bbox 893 3274 1042 3356; x_wconf 69' lang='lat' dir='ltr'><strong>quarn‘n«</strong></span> 
     </span>
     <span class='ocr_line' id='line_1_32' title="bbox 135 3362 1043 3446; baseline -0.004 -22"><span class='ocrx_word' id='word_1_203' title='bbox 135 3376 187 3426; x_wconf 84' lang='lat' dir='ltr'><strong>tur</strong></span> <span class='ocrx_word' id='word_1_204' title='bbox 201 3364 250 3427; x_wconf 88' lang='lat' dir='ltr'><strong>hic</strong></span> <span class='ocrx_word' id='word_1_205' title='bbox 264 3388 370 3429; x_wconf 76' lang='lat' dir='ltr'><strong>annua.</strong></span> <span class='ocrx_word' id='word_1_206' title='bbox 401 3362 525 3446; x_wconf 82' lang='lat' dir='ltr'><strong>Scripfit</strong></span> <span class='ocrx_word' id='word_1_207' title='bbox 541 3367 623 3423; x_wconf 85' lang='lat' dir='ltr'><strong>euim</strong></span> <span class='ocrx_word' id='word_1_208' title='bbox 680 3384 745 3421; x_wconf 81' lang='lat' dir='ltr'><strong>eum</strong></span> <span class='ocrx_word' id='word_1_209' title='bbox 764 3383 799 3420; x_wconf 86' lang='lat' dir='ltr'><strong>ea</strong></span> <span class='ocrx_word' id='word_1_210' title='bbox 815 3366 1012 3438; x_wconf 72' lang='lat' dir='ltr'><strong>voluptatibus</strong></span> <span class='ocrx_word' id='word_1_211' title='bbox 1035 3386 1043 3420; x_wconf 81' lang='grc' dir='ltr'><em>ι</em></span> 
     </span>
     <span class='ocr_line' id='line_1_33' title="bbox 136 3444 1042 3531; baseline -0.003 -21"><span class='ocrx_word' id='word_1_212' title='bbox 136 3446 216 3512; x_wconf 84' lang='lat' dir='ltr'><strong>hanc</strong></span> <span class='ocrx_word' id='word_1_213' title='bbox 247 3449 410 3531; x_wconf 80' lang='lat' dir='ltr'><strong>epistolam</strong></span> <span class='ocrx_word' id='word_1_214' title='bbox 440 3450 509 3512; x_wconf 76' lang='lat' dir='ltr'><strong>Kal·</strong></span> <span class='ocrx_word' id='word_1_215' title='bbox 532 3447 621 3513; x_wconf 78' lang='lat' dir='ltr'><strong>Febr.</strong></span> <span class='ocrx_word' id='word_1_216' title='bbox 680 3470 745 3506; x_wconf 79' lang='lat' dir='ltr'><strong>eam</strong></span> <span class='ocrx_word' id='word_1_217' title='bbox 769 3449 986 3523; x_wconf 79' lang='lat' dir='ltr'><strong>constupravit,</strong></span> <span class='ocrx_word' id='word_1_218' title='bbox 1013 3444 1042 3507; x_wconf 72' lang='lat' dir='ltr'><strong>[ir</strong></span> 
     </span>
     <span class='ocr_line' id='line_1_34' title="bbox 137 3530 1037 3613; baseline -0.004 -16"><span class='ocrx_word' id='word_1_219' title='bbox 137 3536 233 3600; x_wconf 71' lang='lat' dir='ltr'><strong>eiusd.</strong></span> <span class='ocrx_word' id='word_1_220' title='bbox 250 3540 330 3596; x_wconf 79' lang='lat' dir='ltr'><strong>enni.</strong></span> <span class='ocrx_word' id='word_1_221' title='bbox 680 3533 720 3593; x_wconf 88' lang='lat' dir='ltr'><strong>ad</strong></span> <span class='ocrx_word' id='word_1_222' title='bbox 730 3533 870 3593; x_wconf 86' lang='lat' dir='ltr'><strong>Cerealia</strong></span> <span class='ocrx_word' id='word_1_223' title='bbox 886 3530 1037 3613; x_wconf 85' lang='lat' dir='ltr'><strong>respectu.</strong></span> 
     </span>
     <span class='ocr_line' id='line_1_35' title="bbox 179 3613 1042 3704; baseline -0.002 -25"><span class='ocrx_word' id='word_1_224' title='bbox 179 3618 348 3704; x_wconf 79' lang='lat' dir='ltr'><strong>egregius]</strong></span> <span class='ocrx_word' id='word_1_225' title='bbox 405 3618 546 3700; x_wconf 65' lang='grc' dir='ltr'><strong>εἰρωνικῶς</strong></span> <span class='ocrx_word' id='word_1_226' title='bbox 577 3613 620 3679; x_wconf 89' lang='lat' dir='ltr'><strong>ob</strong></span> <span class='ocrx_word' id='word_1_227' title='bbox 679 3616 818 3702; x_wconf 80' lang='lat' dir='ltr'><strong>cogallue</strong></span> <span class='ocrx_word' id='word_1_228' title='bbox 846 3621 1042 3698; x_wconf 66' lang='lat' dir='ltr'><strong>interprete</strong></span> 
     </span>
     <span class='ocr_line' id='line_1_36' title="bbox 136 3700 1042 3783; baseline -0.004 -17"><span class='ocrx_word' id='word_1_229' title='bbox 136 3704 326 3783; x_wconf 80' lang='lat' dir='ltr'><strong>consulatum</strong></span> <span class='ocrx_word' id='word_1_230' title='bbox 352 3704 476 3763; x_wconf 74' lang='lat' dir='ltr'><strong>Afranii.</strong></span> <span class='ocrx_word' id='word_1_231' title='bbox 677 3701 788 3764; x_wconf 74' lang='lat' dir='ltr'><strong>landus</strong></span> <span class='ocrx_word' id='word_1_232' title='bbox 825 3700 930 3763; x_wconf 81' lang='lat' dir='ltr'><strong>noster</strong></span> <span class='ocrx_word' id='word_1_233' title='bbox 960 3705 994 3762; x_wconf 82' lang='lat' dir='ltr'><strong>in</strong></span> <span class='ocrx_word' id='word_1_234' title='bbox 1024 3723 1042 3762; x_wconf 89' lang='lat' dir='ltr'>v</span> 
     </span>
     <span class='ocr_line' id='line_1_37' title="bbox 130 3786 1006 3872; baseline -0.001 -24"><span class='ocrx_word' id='word_1_235' title='bbox 130 3810 134 3861; x_wconf 70' lang='lat'><em>5</em></span> <span class='ocrx_word' id='word_1_236' title='bbox 164 3786 373 3871; x_wconf 72' lang='lat' dir='ltr'><strong>¹Iuventutis]</strong></span> <span class='ocrx_word' id='word_1_237' title='bbox 429 3790 480 3848; x_wconf 84' lang='lat' dir='ltr'><strong>Sic</strong></span> <span class='ocrx_word' id='word_1_238' title='bbox 513 3786 621 3869; x_wconf 83' lang='lat' dir='ltr'><strong>legeu-</strong></span> <span class='ocrx_word' id='word_1_239' title='bbox 672 3789 853 3872; x_wconf 67' lang='lat' dir='ltr'><strong>germanica</strong></span> <span class='ocrx_word' id='word_1_240' title='bbox 893 3786 1006 3856; x_wconf 77' lang='lat' dir='ltr'><strong>collide</strong></span> 
     </span>
     <span class='ocr_line' id='line_1_38' title="bbox 136 3869 1042 3953; baseline -0.003 -17"><span class='ocrx_word' id='word_1_241' title='bbox 136 3872 210 3936; x_wconf 84' lang='lat' dir='ltr'><strong>dam</strong></span> <span class='ocrx_word' id='word_1_242' title='bbox 225 3892 290 3935; x_wconf 85' lang='lat' dir='ltr'><strong>non</strong></span> <span class='ocrx_word' id='word_1_243' title='bbox 305 3874 473 3953; x_wconf 66' lang='lat' dir='ltr'><strong>izcvenautis,</strong></span> <span class='ocrx_word' id='word_1_244' title='bbox 490 3887 523 3932; x_wconf 90' lang='lat' dir='ltr'><strong>ut</strong></span> <span class='ocrx_word' id='word_1_245' title='bbox 536 3883 621 3931; x_wconf 84' lang='lat' dir='ltr'><strong>recte</strong></span> <span class='ocrx_word' id='word_1_246' title='bbox 671 3874 838 3934; x_wconf 71' lang='lat' dir='ltr'><strong>&#39;Ciceronis</strong></span> <span class='ocrx_word' id='word_1_247' title='bbox 860 3869 1042 3951; x_wconf 69' lang='lat' dir='ltr'><strong>expresserat</strong></span> 
     </span>
     <span class='ocr_line' id='line_1_39' title="bbox 135 3952 1016 4041; baseline -0.006 -21"><span class='ocrx_word' id='word_1_248' title='bbox 135 3961 259 4021; x_wconf 83' lang='lat' dir='ltr'><strong>monuit</strong></span> <span class='ocrx_word' id='word_1_249' title='bbox 274 3961 364 4018; x_wconf 85' lang='lat' dir='ltr'><strong>etiam</strong></span> <span class='ocrx_word' id='word_1_250' title='bbox 381 3958 561 4020; x_wconf 73' lang='lat' dir='ltr'><strong>Gronovius</strong></span> <span class='ocrx_word' id='word_1_251' title='bbox 580 3953 623 4024; x_wconf 79' lang='lat' dir='ltr'><strong>ed</strong></span> <span class='ocrx_word' id='word_1_252' title='bbox 720 3952 905 4041; x_wconf 77' lang='lat' dir='ltr'><strong>Menelaus]</strong></span> <span class='ocrx_word' id='word_1_253' title='bbox 967 3958 1016 4020; x_wconf 82' lang='lat' dir='ltr'><strong>M.</strong></span> 
     </span>
     <span class='ocr_line' id='line_1_40' title="bbox 133 4039 923 4105; baseline 0 -1"><span class='ocrx_word' id='word_1_254' title='bbox 133 4044 265 4104; x_wconf 84' lang='lat' dir='ltr'><strong>Livium.</strong></span> <span class='ocrx_word' id='word_1_255' title='bbox 297 4039 434 4104; x_wconf 78' lang='lat' dir='ltr'><strong>luventas</strong></span> <span class='ocrx_word' id='word_1_256' title='bbox 448 4041 624 4105; x_wconf 63' lang='lat' dir='ltr'><strong>uindici-</strong></span> <span class='ocrx_word' id='word_1_257' title='bbox 669 4040 761 4105; x_wconf 81' lang='lat' dir='ltr'><strong>·lut.·‘</strong></span> <span class='ocrx_word' id='word_1_258' title='bbox 799 4068 812 4077; x_wconf 94' lang='lat'><strong>··</strong></span> <span class='ocrx_word' id='word_1_259' title='bbox 920 4078 923 4085; x_wconf 94' lang='lat'>·</span> 
     </span>
    </p>
   </div>
   <div class='ocr_carea' id='block_1_4' title="bbox 0 0 1258 4808">
    <p class='ocr_par' dir='ltr' id='par_1_5' title="bbox 0 0 1258 4808">
     <span class='ocr_line' id='line_1_41' title="bbox 0 0 1258 4808; baseline 0 0"><span class='ocrx_word' id='word_1_260' title='bbox 0 0 1258 4808; x_wconf 95' lang='lat' dir='ltr'><strong> </strong></span> 
     </span>
    </p>
   </div>
  </div>
 </body>
</html>
