2506 4808
245 362 249 367 .
291 293 582 387 ‚epistota
630 298 718 369 nu.
949 320 1019 395 ,aaa

90 500 174 555 rtur:
209 496 245 550 et
266 482 389 550 sentire
408 491 539 575 potuit,
572 483 744 551 sermones
766 489 959 569 iniquorum
979 493 1018 556 in

99 585 307 678 potissimum
329 609 456 652 nornen
478 607 665 674 erumpere.
709 584 810 676 Quod
831 600 943 653 autem
959 613 1015 657 me

89 713 137 755 ne
159 710 297 756 movere
319 685 460 762 solebat,
482 710 586 772 quum
606 686 800 761 audiebam,
820 687 916 753 illum
937 691 1013 780 plus

100 787 261 881 teposse,
280 811 381 874 quam
396 793 543 878 gravitas
559 787 652 853 istius
669 794 806 862 aetatis,
829 802 864 855 et
884 795 1017 880 imperii

89 899 170 959 antia
182 889 365 980 postularet
383 895 502 973 (quam
517 889 646 953 multos
663 895 753 955 euim
768 913 902 956 mecum
917 891 1017 981 egisse

96 1039 108 1071 ,
137 1006 176 1059 nt
198 992 231 1059 se
251 990 362 1059 Statio
386 985 683 1069 commendarem?
715 1011 813 1074 quam
833 992 939 1058 multa
963 1015 1017 1059 au·

89 1095 191 1186 ipsum
212 1094 342 1177 ἐφελῶς
362 1114 494 1157 mecum
514 1098 550 1156 iu
570 1089 723 1156 sermone
739 1097 786 1157 ita
799 1090 1016 1179 protulisiei)

89 1198 132 1265 ihi
143 1219 218 1277 non
238 1194 381 1283 placuit:
405 1198 539 1265 monui,
562 1187 658 1264 suafi,
679 1191 838 1258 deterrui.
881 1195 1016 1287 Quibus

90 1303 154 1366 bus
179 1305 278 1365 etiam
301 1293 322 1359 fi
347 1290 488 1356 fidelitas
510 1290 636 1355 summa
658 1290 721 1365 est,
744 1296 857 1375 (quod
876 1295 1016 1385 prorsus

88 1404 271 1485 »quoniam
292 1409 331 1462 tu
352 1400 398 1467 ita
411 1392 562 1473 iudicas)
585 1403 699 1456 tamen
721 1392 846 1480 speeies
866 1394 935 1483 ipsa
947 1410 1017 1463 tam
1079 1464 1082 1469 ,

88 1499 125 1567 >b
150 1501 281 1574 liberti,
317 1508 374 1562 aut
405 1494 489 1558 servi
515 1493 711 1580 dignitatem
741 1492 865 1561 habere'
891 1497 1018 1564 nullam

88 1604 112 1667 t.
155 1603 271 1685 Atque
284 1597 350 1662 hoc
367 1593 408 1658 sic
422 1593 561 1667 habeto,
583 1592 690 1678 (nihil
704 1600 792 1660 enim
808 1618 871 1661 nec
887 1611 1018 1665 temere

88 1724 125 1779 e,
149 1723 213 1767 uec
236 1697 339 1765 astute
361 1702 503 1761 reticere
528 1695 656 1779 debeo)
678 1703 853 1763 materiam
880 1721 1018 1765 omnem
1137 1766 1139 1771 ,

88 1825 185 1869 anum
211 1822 345 1874 eorum,
374 1797 494 1883 quide
518 1808 551 1861 te
575 1793 754 1861 detrahere
775 1797 919 1875 vellent,
942 1799 1017 1867 sta·

93 1901 255 1989 dedissep
263 1916 297 1968 et
312 1914 408 1967 antea
422 1911 553 1963 tantum
570 1896 712 1985 intelligi
732 1897 890 1985 potuisse,
910 1904 1016 1967 iratos

90 2003 258 2070 severitati
279 2001 343 2068 esse
362 1999 566 2081 nonnullos;
590 1997 656 2064 hoc
679 2000 899 2075 manumisso,
921 2005 1017 2068 iratis

106 2105 346 2189 loquerentur,
364 2123 433 2166 non
457 2099 579 2166 desuiss
597 2145 604 2160 .

87 2206 180 2271 ‚suno
196 2207 402 2294 respondebo
418 2202 459 2266 ad
476 2222 530 2266 eas
548 2199 719 2288 epistolaS,
744 2223 825 2285 quas
848 2202 930 2268 mihi
943 2207 1046 2278 red-2

96 2309 137 2373 L.
155 2306 308 2383 Caesius,
325 2311 416 2390 (cui,
439 2306 597 2389 quoniam
617 2307 665 2366 ita
685 2316 719 2366 te
743 2303 828 2369 velle
849 2305 1019 2394 intelligo,

86 2738 106 2780 o
123 2714 279 2777 sermones
293 2714 350 2775 illis
366 2715 482 2775 Home·
539 2712 674 2774 adventu
688 2708 743 2774 suo
762 2708 936 2785 sustulisset,
956 2732 1022 2785 ma·

86 2801 193 2864 fficulis
221 2801 402 2871 adumbret,
425 2818 483 2860 nec
539 2802 584 2882 gis
599 2803 690 2858 etiam
715 2800 904 2861 mirabantur
924 2795 1024 2857 bomi-

86 2893 156 2947 rtiua
184 2904 242 2945 nec
261 2883 413 2944 Emeslius
440 2882 484 2943 sa·
538 2903 610 2942 nem
646 2880 785 2963 pusillum
828 2900 860 2945 et
896 2887 1023 2943 minime

86 2970 177 3034 secuti
198 2969 272 3031 sunt.
314 2968 482 3028 Wielendo
538 2966 708 3026 formosum
755 2983 817 3028 tam
855 2966 1023 3050 gratiosum

88 3077 102 3119 a
118 3054 281 3126 assentior,
303 3058 356 3134 qui
371 3053 482 3114 callide
538 3051 623 3132 apud
638 3053 788 3130 Quintum
803 3053 900 3114 inisse

86 3157 187 3210 tetur,
228 3139 351 3198 Romae
394 3135 482 3198 fuisse
578 3134 680 3218 istius]
702 3138 773 3198 Hoc
784 3138 1026 3218 praeferendum

86 3245 113 3287 >a
128 3229 199 3306 qui,
221 3244 316 3302 quum
332 3219 482 3283 audissent
538 3223 614 3281 vidit
640 3222 805 3283 Lambinus
830 3223 956 3308 volgato
985 3226 1020 3280 it·

85 3331 166 3370 mum
214 3310 346 3367 Statium
397 3307 482 3387 apud
537 3307 595 3363 tius
623 3309 695 3386 quia
723 3328 796 3367 mox
817 3306 1021 3389 praecesserat
1075 3371 1083 3380 ,

85 3413 150 3455 tnm
171 3394 291 3465 valere,
312 3413 378 3452 rem
401 3413 482 3451 ama·
539 3393 633 3448 illum.
695 3392 791 3472 Quod
821 3394 861 3453 ad
889 3395 1021 3455 Statium

85 3502 109 3539 n
131 3483 215 3540 inea
233 3499 268 3539 re
288 3473 482 3537 intercessisse
537 3473 731 3554 pertineba13
759 3475 822 3537 boc
850 3494 954 3538 autem
980 3477 1022 3539 ad

86 3580 231 3634 arentur,
272 3577 303 3621 et
331 3563 482 3641 Quintum
539 3561 646 3639 Quinti
669 3576 802 3620 aetatem
819 3565 959 3625 retertur.

88 3645 237 3710 taorasio
262 3646 316 3707 suo
344 3646 363 3706 s.
385 3646 481 3706 παιδι·
580 3642 710 3726 desivit]
746 3647 941 3721 simpliciter,
979 3647 1021 3703 in·

85 3751 202 3795 tantum
230 3727 366 3792 tribuisse
391 3746 481 3809 pote·
538 3748 651 3805 genoe,
692 3747 726 3789 nt
762 3729 792 3791 se
820 3731 919 3814 ipsum
947 3751 1024 3812 pro·

136 3815 358 3896 Exspectabam
390 3820 483 3898 igitur
539 3815 767 3876 deretStatiue.

85 3925 129 3967 un
159 3901 329 3962 formosum
356 3915 387 3960 et
409 3920 483 3981 pro·
573 3899 744 3974 sermonum
770 3896 894 3983 eontra]
935 3899 1024 3958 Lam·

106 3985 232 4048 [latura.
288 3987 390 4065 Quam
435 4006 484 4042 ex·
539 3980 629 4043 binua
649 3983 711 4067 legi
732 3985 886 4048 malebat:
909 3985 1023 4061 sermo·

84 4077 219 4138 itionem
246 4091 344 4154 quum
371 4071 485 4131 Statiua
539 4089 606 4125 nem
625 4069 671 4130 iis.

848 4158 881 4226 R
898 4121 922 4226 a
