2506 4808
167 293 212 371 24
396 357 400 365 ,
470 281 750 353 uersroun
799 283 888 350 xc.

211 493 269 551 qua
289 495 397 553 ugrum
419 471 601 550 Campanum
621 477 701 551 plebi
721 477 913 534 diuidendum
936 475 993 552 esse
1009 478 1144 551 tulerat;
1174 494 1202 543 r.

212 579 318 635 deiude
335 573 469 650 Racilio,
488 579 526 635 de
547 580 683 651 iudiciis,
704 579 736 635 in
756 578 841 653 causa
864 573 965 634 Clodii
987 581 1025 634 ‹le
1047 582 1079 637 vi
1098 584 1202 659 postu·

211 680 282 755 sall,
309 690 409 738 utrum
423 691 492 738 acue
513 700 552 737 an
567 679 634 754 post
648 678 784 737 aedilitia
799 680 920 739 cornilio
934 680 1084 738 habendis.
1102 702 1133 745 a.

359 810 591 941 nunnus
614 871 657 964 ρ.
691 870 928 948 sunum,
962 871 1001 940 S.

270 1025 472 1112 Epistolam,
501 1046 600 1110 quam
628 1025 755 1116 legisti,
786 1046 884 1089 mane
906 1025 1077 1090 dederam.
1126 1025 1203 1096 Sed

166 1126 249 1193 fecit
273 1125 464 1192 humaniter
476 1128 649 1202 LiciniuS,
671 1129 762 1211 quod
786 1128 826 1191 ad
850 1150 921 1200 me,
946 1124 1040 1191 misso
1063 1124 1202 1202 senatu,

163 1227 296 1315 'vesperi
312 1236 421 1302 venit,
439 1242 497 1302 ut,
517 1225 632 1311 siquid
650 1226 729 1292 esset
751 1241 885 1302 actum,
908 1228 948 1291 ad
971 1240 1024 1300 te,
1049 1225 1092 1310 (fi
1112 1227 1202 1294 mihi

167 1332 361 1415 videretur)
390 1329 645 1418 perscriberem.
691 1328 836 1396 Senatus
869 1329 932 1394 fuit
960 1330 1202 1412 frequentior,
1237 1375 1241 1382 -

161 1440 268 1512 ‘quam
289 1435 488 1520 putabamus
513 1431 579 1498 esse
597 1428 688 1519 posse
704 1430 815 1497 mense
831 1430 1017 1495 Decembri
1039 1430 1097 1495 snb
1121 1433 1199 1497 dies

130 1538 134 1545 “
165 1528 280 1596 festos.
327 1532 528 1598 Consulares
550 1556 615 1599 nos
637 1535 780 1607 suimus,
804 1547 838 1598 et
852 1533 921 1597 duo
938 1529 1100 1598 Consules
1118 1530 1201 1596 dess-

161 1637 277 1718 ‘gnati,
310 1631 346 1696 P.
368 1632 554 1709 Servilius,
584 1634 634 1701 M.
656 1635 837 1708 Lucullum,
873 1631 1046 1720 LepiduS,
1072 1632 1200 1697 Volca-

164 1738 254 1808 tiuS,
283 1734 441 1810 Glabrio,
469 1748 655 1825 praetores.
700 1735 791 1802 Sane
823 1736 1016 1818 frequentes
1047 1735 1198 1800 fuimus:

543 1919 812 1933 m·

209 2018 301 2101 Epist,
322 2023 391 2086 XC.
449 2043 477 2086 1.
505 2026 558 2100 ful
589 2029 652 2085 dies
707 2026 765 2086 lius
780 2024 927 2086 Lentulus
944 2023 1145 2088 Marcellinus
1167 2045 1201 2090 et

160 2102 278 2188 festos]
306 2116 414 2187 'quum
437 2108 579 2189 proxime
607 2116 652 2171 in·
707 2111 741 2169 L.
770 2110 906 2169 Marcius
935 2108 1121 2187 Philippum
1166 2129 1201 2175 et

164 2185 278 2279 ssasent
298 2193 492 2271 Saturnalia,
520 2195 652 2276 Opalia,
708 2192 1203 2276 qualiLepidus,Volcutius,Gle·

165 2270 281 2356 ssiique
303 2278 367 2338 diss
387 2273 462 2340 festi.
707 2277 778 2341 bsio
812 2295 973 2359 praetores
1001 2278 1200 2353 dicerentur,

163 2372 169 2383 '
208 2360 370 2436 consulares
398 2358 450 2422 nos
480 2362 598 2436 suimus
619 2400 652 2415 -
710 2385 789 2445 qnos
819 2381 883 2422 turn
910 2361 1082 2424 consulares
1110 2365 1203 2428 suillo

163 2446 339 2530 praetores]
375 2449 467 2510 Ordo
491 2455 652 2510 nominum
708 2448 835 2510 conslat.

164 2525 215 2588 hic
237 2537 342 2611 potins
366 2533 486 2593 videtur
515 2531 575 2595 esse
598 2535 651 2594 de·
751 2530 784 2596 P.
818 2528 982 2613 Servilius]
1028 2531 1200 2610 Isauricus,

163 2609 257 2681 bere:
283 2612 455 2690 Consulares
471 2639 521 2676 nos
535 2617 652 2688 fuimus
708 2634 799 2698 parer
816 2622 880 2677 eius
896 2620 950 2696 qui
963 2617 1070 2678 consul
1079 2639 1202 2683 novem

166 2694 196 2754 el
210 2694 243 2759 P.
262 2692 417 2775 Servilius,
432 2698 481 2761 M.
496 2701 652 2776 Lucullus,
709 2708 794 2763 annis
812 2701 962 2783 posserius
984 2702 1042 2761 suit
1066 2724 1138 2764 cnm
1162 2709 1200 2768 C.

167 2777 307 2857 lesiidus,
331 2781 489 2858 Volcatius,
510 2785 631 2848 Glabrio
640 2810 653 2859 ;
710 2786 851 2849 Caesare.
1143 2840 1146 2845 .

164 2871 223 2925 cluo
236 2873 363 2946 consules
380 2873 542 2949 designati,
565 2897 651 2951 prae·
753 2869 913 2955 Lucullus]
949 2868 992 2931 est
1013 2869 1059 2933 M.
1077 2872 1203 2934 Teren·

162 2963 253 3013 tores.
318 2956 396 3015 Curi
409 2962 491 3017 enim
516 2965 595 3019 inter
621 2959 653 3020 se
708 2961 767 3018 tius
781 2959 826 3017 M.
842 2957 1013 3016 licinianus
1026 2956 1203 3017 VerroLn·

163 3035 263 3118 ipsum
285 3054 316 3098 et
333 3055 454 3102 ceteros
475 3043 650 3105 consulares
708 3041 823 3113 tullus,
849 3039 954 3100 consul
975 3059 1045 3100 curn
1068 3039 1103 3103 C.
1126 3040 1204 3105 Cas·

163 3127 347 3184 nominatim
359 3145 550 3190 memoratos
558 3135 652 3189 inter·
707 3127 752 3187 sio
767 3129 802 3188 A.
819 3127 858 3186 U.
874 3126 908 3184 C.
930 3126 1003 3196 630.

162 3209 272 3267 liceret
287 3209 380 3272 verba
400 3224 430 3270 et
450 3218 507 3273 duo
523 3217 650 3290 consules
752 3209 880 3285 Lepidus
906 3206 1075 3293 Volcatius]
1106 3215 1203 3279 Man,

159 3293 335 3379 'defiguatll
349 3295 479 3375 Pessime
493 3315 596 3359 sulem
618 3303 651 3357 in
704 3299 852 3356 Aemilius
862 3297 1013 3375 Lepidus,
1035 3296 1108 3359 ella.
1120 3300 1206 3362 Vol·

163 3376 213 3437 ed.
228 3378 307 3461 Hsg.
318 3379 407 3442 Corn.
421 3404 449 3445 o.
469 3401 556 3464 1725.
572 3382 651 3443 eliis·
709 3385 803 3441 cetius
826 3379 954 3449 Tullus,
984 3383 1038 3460 qui
1060 3380 1206 3446 consula·

157 3483 225 3544 'qne
246 3468 474 3548 inserpungirur
487 3467 544 3539 suc:
573 3463 651 3525 Con·
706 3482 772 3524 rum
794 3461 944 3547 gesserant
959 3466 995 3524 A.
1012 3465 1049 3523 U.
1068 3467 1103 3530 C.
1124 3470 1202 3539 ὅθι.

155 3547 272 3627 sulcres
301 3573 353 3608 nos
383 3551 497 3620 fuimus
534 3564 563 3612 el
591 3555 649 3609 cluo
752 3547 895 3632 Glabrio]
917 3552 963 3608 M’
979 3549 1091 3609 Acilius
1122 3554 1204 3621 Gla.

162 3637 290 3710 consules
309 3640 456 3714 defiguali
487 3635 520 3695 P.
552 3632 650 3693 Servs·
707 3633 776 3695 brio
793 3634 961 3695 cns.A.U.
977 3637 1013 3693 C.
1038 3637 1109 3708 633.

157 3714 292 3801 siusili,
326 3720 482 3780 Lucullus:
521 3718 650 3795 lepidus
746 3718 922 3800 pinoteres]
968 3739 1065 3798 quum
1097 3733 1204 3787 nerni-

166 3800 316 3866 Volcatius
333 3805 454 3864 Glabrio
474 3818 649 3880 praetores;
705 3827 777 3867 nem
795 3804 903 3866 ssorum
923 3808 1064 3863 nominet
1073 3849 1083 3876 ,
1111 3829 1203 3872 recte

154 3880 247 3970 'qussi
263 3890 400 3954 consules
417 3888 567 3972 designari
579 3892 650 3951 suis·
707 3890 824 3971 colligit
839 3891 998 3950 Manutius
1023 3905 1134 3956 omncs
1153 3899 1202 3956 ns-

159 3972 226 4036 ssnt
246 3977 279 4036 P.
301 3972 444 4035 Servilius
469 3976 515 4035 M.
539 3976 651 4038 Lucus·
704 3972 802 4036 luisse.

158 4052 207 4122 lus
215 4076 228 4136 ,'
243 4064 297 4143 qui
314 4060 441 4124 luerunt
455 4061 649 4127 Cnslorns·
