<?xml version="1.0" encoding="UTF-8"?>
<!DOCTYPE html PUBLIC "-//W3C//DTD XHTML 1.0 Transitional//EN"
    "http://www.w3.org/TR/xhtml1/DTD/xhtml1-transitional.dtd">
<html xmlns="http://www.w3.org/1999/xhtml" xml:lang="en" lang="en">
 <head>
  <title>
</title>
<meta http-equiv="Content-Type" content="text/html;charset=utf-8" />
  <meta name='ocr-system' content='tesseract 3.04.00' />
  <meta name='ocr-capabilities' content='ocr_page ocr_carea ocr_par ocr_line ocrx_word'/>
</head>
<body>
  <div class='ocr_page' id='page_1' title='image "./mtciceronisepis00billgoog/mtciceronisepis00billgoog_0261.png"; bbox 0 0 2506 4808; ppageno 0'>
   <div class='ocr_carea' id='block_1_1' title="bbox 114 306 810 403">
    <p class='ocr_par' dir='ltr' id='par_1_1' title="bbox 114 306 810 403">
     <span class='ocr_line' id='line_1_1' title="bbox 114 306 810 403; baseline 0.011 -30"><span class='ocrx_word' id='word_1_1' title='bbox 114 324 175 403; x_wconf 58' lang='grc' dir='ltr'><strong>,μ</strong></span> <span class='ocrx_word' id='word_1_2' title='bbox 434 306 714 383; x_wconf 75' lang='lat' dir='ltr'><strong>nnsuoun</strong></span> <span class='ocrx_word' id='word_1_3' title='bbox 766 308 810 381; x_wconf 80' lang='lat' dir='ltr'><strong>u.</strong></span> 
     </span>
    </p>
   </div>
   <div class='ocr_carea' id='block_1_2' title="bbox 107 494 1031 2616">
    <p class='ocr_par' dir='ltr' id='par_1_2' title="bbox 107 494 1031 995">
     <span class='ocr_line' id='line_1_2' title="bbox 108 494 1031 591; baseline 0 -24"><span class='ocrx_word' id='word_1_4' title='bbox 108 502 297 589; x_wconf 71' lang='lat' dir='ltr'><strong>pugionem</strong></span> <span class='ocrx_word' id='word_1_5' title='bbox 309 494 369 565; x_wconf 77' lang='lat' dir='ltr'><strong>tut</strong></span> <span class='ocrx_word' id='word_1_6' title='bbox 382 514 402 563; x_wconf 81' lang='lat' dir='ltr'><strong>t</strong></span> <span class='ocrx_word' id='word_1_7' title='bbox 415 494 538 565; x_wconf 83' lang='lat' dir='ltr'>Bibulo</span> <span class='ocrx_word' id='word_1_8' title='bbox 553 496 708 567; x_wconf 72' lang='lat' dir='ltr'><strong>attulisse.</strong></span> <span class='ocrx_word' id='word_1_9' title='bbox 752 498 855 591; x_wconf 78' lang='lat' dir='ltr'><strong>Quod</strong></span> <span class='ocrx_word' id='word_1_10' title='bbox 869 510 983 567; x_wconf 81' lang='lat' dir='ltr'><strong>totum</strong></span> <span class='ocrx_word' id='word_1_11' title='bbox 1006 502 1031 568; x_wconf 80' lang='lat' dir='ltr'><strong>ir</strong></span> 
     </span>
     <span class='ocr_line' id='line_1_3' title="bbox 109 598 1013 691; baseline 0.004 -26"><span class='ocrx_word' id='word_1_12' title='bbox 109 598 174 665; x_wconf 78' lang='lat' dir='ltr'><strong>ein</strong></span> <span class='ocrx_word' id='word_1_13' title='bbox 214 598 334 667; x_wconf 83' lang='lat' dir='ltr'><strong>Vettio</strong></span> <span class='ocrx_word' id='word_1_14' title='bbox 354 604 539 691; x_wconf 80' lang='lat' dir='ltr'><strong>pugionem</strong></span> <span class='ocrx_word' id='word_1_15' title='bbox 561 601 722 679; x_wconf 70' lang='lat' dir='ltr'><strong>definisse,</strong></span> <span class='ocrx_word' id='word_1_16' title='bbox 757 598 817 670; x_wconf 84' lang='lat' dir='ltr'><strong>uifi</strong></span> <span class='ocrx_word' id='word_1_17' title='bbox 840 608 872 669; x_wconf 84' lang='lat' dir='ltr'><strong>ei</strong></span> <span class='ocrx_word' id='word_1_18' title='bbox 894 602 1013 670; x_wconf 84' lang='lat' dir='ltr'><strong>consul</strong></span> 
     </span>
     <span class='ocr_line' id='line_1_4' title="bbox 109 697 1031 791; baseline 0.001 -24"><span class='ocrx_word' id='word_1_19' title='bbox 109 697 175 783; x_wconf 57' lang='grc' dir='ltr'><strong>ἡκ</strong></span> <span class='ocrx_word' id='word_1_20' title='bbox 204 720 314 785; x_wconf 86' lang='lat' dir='ltr'><strong>eoque</strong></span> <span class='ocrx_word' id='word_1_21' title='bbox 332 705 442 791; x_wconf 77' lang='lat' dir='ltr'><strong>mugio</strong></span> <span class='ocrx_word' id='word_1_22' title='bbox 461 702 497 767; x_wconf 86' lang='lat' dir='ltr'><strong>id</strong></span> <span class='ocrx_word' id='word_1_23' title='bbox 518 708 664 769; x_wconf 85' lang='lat' dir='ltr'><strong>eiectum</strong></span> <span class='ocrx_word' id='word_1_24' title='bbox 689 702 756 779; x_wconf 81' lang='lat' dir='ltr'><strong>eit,</strong></span> <span class='ocrx_word' id='word_1_25' title='bbox 791 702 936 789; x_wconf 79' lang='lat' dir='ltr'><strong>quoda.</strong></span> <span class='ocrx_word' id='word_1_26' title='bbox 959 702 995 769; x_wconf 84' lang='lat' dir='ltr'><strong>d.</strong></span> <span class='ocrx_word' id='word_1_27' title='bbox 1018 720 1031 768; x_wconf 88' lang='grc' dir='ltr'><strong>ι</strong></span> 
     </span>
     <span class='ocr_line' id='line_1_5' title="bbox 109 796 1031 890; baseline 0.002 -21"><span class='ocrx_word' id='word_1_28' title='bbox 109 796 192 869; x_wconf 78' lang='lat' dir='ltr'><strong>Mn.</strong></span> <span class='ocrx_word' id='word_1_29' title='bbox 213 798 354 869; x_wconf 60' lang='lat' dir='ltr'><strong>Bibulus</strong></span> <span class='ocrx_word' id='word_1_30' title='bbox 375 798 574 890; x_wconf 85' lang='lat' dir='ltr'><strong>Pompeium</strong></span> <span class='ocrx_word' id='word_1_31' title='bbox 595 806 724 871; x_wconf 78' lang='lat' dir='ltr'><strong>iecerat</strong></span> <span class='ocrx_word' id='word_1_32' title='bbox 743 807 931 872; x_wconf 75' lang='lat' dir='ltr'>certiorem</span> <span class='ocrx_word' id='word_1_33' title='bbox 944 817 987 872; x_wconf 91' lang='lat' dir='ltr'><strong>ut</strong></span> <span class='ocrx_word' id='word_1_34' title='bbox 1002 826 1031 872; x_wconf 75' lang='lat' dir='ltr'><strong>ct</strong></span> 
     </span>
     <span class='ocr_line' id='line_1_6' title="bbox 107 898 980 995; baseline -0.001 -25"><span class='ocrx_word' id='word_1_35' title='bbox 107 898 255 970; x_wconf 81' lang='lat' dir='ltr'><strong>infidias.</strong></span> <span class='ocrx_word' id='word_1_36' title='bbox 298 902 339 969; x_wconf 89' lang='lat' dir='ltr'><strong>In</strong></span> <span class='ocrx_word' id='word_1_37' title='bbox 357 906 425 987; x_wconf 68' lang='lat' dir='ltr'><strong>ouo</strong></span> <span class='ocrx_word' id='word_1_38' title='bbox 447 908 479 971; x_wconf 86' lang='lat' dir='ltr'><strong>ei</strong></span> <span class='ocrx_word' id='word_1_39' title='bbox 498 904 682 995; x_wconf 81' lang='lat' dir='ltr'><strong>Pompeius</strong></span> <span class='ocrx_word' id='word_1_40' title='bbox 702 911 827 994; x_wconf 75' lang='lat' dir='ltr'><strong>gratian</strong></span> <span class='ocrx_word' id='word_1_41' title='bbox 851 917 980 994; x_wconf 69' lang='lat' dir='ltr'><strong>egerat.</strong></span> 
     </span>
    </p>

    <p class='ocr_par' dir='ltr' id='par_1_3' title="bbox 108 998 1031 2616">
     <span class='ocr_line' id='line_1_7' title="bbox 109 998 1031 1090; baseline 0.002 -19"><span class='ocrx_word' id='word_1_42' title='bbox 109 1002 235 1073; x_wconf 72' lang='lat' dir='ltr'><strong>ductus</strong></span> <span class='ocrx_word' id='word_1_43' title='bbox 258 1002 363 1071; x_wconf 85' lang='lat' dir='ltr'><strong>Curio</strong></span> <span class='ocrx_word' id='word_1_44' title='bbox 384 998 489 1081; x_wconf 76' lang='lat' dir='ltr'><strong>filius,</strong></span> <span class='ocrx_word' id='word_1_45' title='bbox 521 1008 610 1073; x_wconf 86' lang='lat' dir='ltr'><strong>dixit</strong></span> <span class='ocrx_word' id='word_1_46' title='bbox 630 1006 675 1071; x_wconf 76' lang='lat' dir='ltr'><strong>od</strong></span> <span class='ocrx_word' id='word_1_47' title='bbox 699 1025 757 1081; x_wconf 81' lang='lat' dir='ltr'><strong>ea,</strong></span> <span class='ocrx_word' id='word_1_48' title='bbox 790 1026 875 1090; x_wconf 80' lang='lat' dir='ltr'><strong>quae</strong></span> <span class='ocrx_word' id='word_1_49' title='bbox 895 1007 1031 1073; x_wconf 84' lang='lat' dir='ltr'><strong>Vettius</strong></span> 
     </span>
     <span class='ocr_line' id='line_1_8' title="bbox 108 1106 1031 1193; baseline 0.004 -24"><span class='ocrx_word' id='word_1_50' title='bbox 108 1116 179 1169; x_wconf 81' lang='lat' dir='ltr'><strong>rat:</strong></span> <span class='ocrx_word' id='word_1_51' title='bbox 214 1110 427 1193; x_wconf 76' lang='lat' dir='ltr'>maximeque</span> <span class='ocrx_word' id='word_1_52' title='bbox 447 1110 482 1173; x_wconf 87' lang='lat' dir='ltr'><strong>in</strong></span> <span class='ocrx_word' id='word_1_53' title='bbox 500 1129 540 1172; x_wconf 91' lang='lat' dir='ltr'><strong>eo</strong></span> <span class='ocrx_word' id='word_1_54' title='bbox 559 1117 632 1173; x_wconf 89' lang='lat' dir='ltr'><strong>tum</strong></span> <span class='ocrx_word' id='word_1_55' title='bbox 648 1106 784 1192; x_wconf 88' lang='lat' dir='ltr'><strong>quidem</strong></span> <span class='ocrx_word' id='word_1_56' title='bbox 799 1106 938 1173; x_wconf 88' lang='lat' dir='ltr'><strong>Vettius</strong></span> <span class='ocrx_word' id='word_1_57' title='bbox 963 1106 1031 1173; x_wconf 84' lang='lat' dir='ltr'><strong>est:</strong></span> 
     </span>
     <span class='ocr_line' id='line_1_9' title="bbox 109 1199 1023 1290; baseline 0.004 -22"><span class='ocrx_word' id='word_1_58' title='bbox 109 1199 251 1281; x_wconf 81' lang='lat' dir='ltr'><strong>bonius,</strong></span> <span class='ocrx_word' id='word_1_59' title='bbox 275 1204 368 1290; x_wconf 88' lang='lat' dir='ltr'><strong>quod</strong></span> <span class='ocrx_word' id='word_1_60' title='bbox 389 1202 522 1275; x_wconf 81' lang='lat' dir='ltr'><strong>dixerat</strong></span> <span class='ocrx_word' id='word_1_61' title='bbox 541 1208 802 1276; x_wconf 81' lang='lat' dir='ltr'><strong>adolescentium</strong></span> <span class='ocrx_word' id='word_1_62' title='bbox 828 1203 1023 1283; x_wconf 84' lang='lat' dir='ltr'><strong>confilium,</strong></span> 
     </span>
     <span class='ocr_line' id='line_1_10' title="bbox 109 1303 1031 1399; baseline 0 -26"><span class='ocrx_word' id='word_1_63' title='bbox 109 1303 190 1373; x_wconf 78' lang='lat' dir='ltr'><strong>foro</strong></span> <span class='ocrx_word' id='word_1_64' title='bbox 214 1326 293 1373; x_wconf 85' lang='lat' dir='ltr'><strong>cum</strong></span> <span class='ocrx_word' id='word_1_65' title='bbox 314 1305 557 1397; x_wconf 71' lang='lat' dir='ltr'><strong>gladiatoribus</strong></span> <span class='ocrx_word' id='word_1_66' title='bbox 581 1310 717 1379; x_wconf 81' lang='lat' dir='ltr'><strong>Gabinii</strong></span> <span class='ocrx_word' id='word_1_67' title='bbox 741 1307 941 1399; x_wconf 86' lang='lat' dir='ltr'><strong>Pompeium</strong></span> <span class='ocrx_word' id='word_1_68' title='bbox 969 1308 1031 1375; x_wconf 82' lang='lat' dir='ltr'><strong>odo</strong></span> 
     </span>
     <span class='ocr_line' id='line_1_11' title="bbox 110 1406 1031 1499; baseline 0.004 -28"><span class='ocrx_word' id='word_1_69' title='bbox 110 1414 185 1489; x_wconf 81' lang='lat' dir='ltr'><strong>tur;</strong></span> <span class='ocrx_word' id='word_1_70' title='bbox 206 1410 243 1475; x_wconf 89' lang='lat' dir='ltr'><strong>in</strong></span> <span class='ocrx_word' id='word_1_71' title='bbox 266 1426 308 1473; x_wconf 91' lang='lat' dir='ltr'><strong>eo</strong></span> <span class='ocrx_word' id='word_1_72' title='bbox 329 1414 519 1499; x_wconf 84' lang='lat' dir='ltr'><strong>principem</strong></span> <span class='ocrx_word' id='word_1_73' title='bbox 531 1406 685 1481; x_wconf 73' lang='lat' dir='ltr'><strong>Paulum</strong></span> <span class='ocrx_word' id='word_1_74' title='bbox 706 1408 818 1494; x_wconf 81' lang='lat' dir='ltr'><strong>fuiiie;</strong></span> <span class='ocrx_word' id='word_1_75' title='bbox 846 1430 947 1497; x_wconf 81' lang='lat' dir='ltr'><strong>quem</strong></span> <span class='ocrx_word' id='word_1_76' title='bbox 968 1428 1031 1477; x_wconf 85' lang='lat' dir='ltr'><strong>con</strong></span> 
     </span>
     <span class='ocr_line' id='line_1_12' title="bbox 110 1508 1031 1596; baseline 0.004 -23"><span class='ocrx_word' id='word_1_77' title='bbox 110 1526 154 1573; x_wconf 81' lang='lat' dir='ltr'><strong>eu</strong></span> <span class='ocrx_word' id='word_1_78' title='bbox 172 1521 325 1596; x_wconf 82' lang='lat' dir='ltr'><strong>tempore</strong></span> <span class='ocrx_word' id='word_1_79' title='bbox 345 1514 380 1575; x_wconf 89' lang='lat' dir='ltr'><strong>in</strong></span> <span class='ocrx_word' id='word_1_80' title='bbox 400 1509 728 1583; x_wconf 73' lang='lat' dir='ltr'><strong>Macedonic⁸fuisle.</strong></span> <span class='ocrx_word' id='word_1_81' title='bbox 779 1508 834 1578; x_wconf 83' lang='lat' dir='ltr'><strong>Fit</strong></span> <span class='ocrx_word' id='word_1_82' title='bbox 855 1508 990 1577; x_wconf 81' lang='lat' dir='ltr'><strong>senatus</strong></span> <span class='ocrx_word' id='word_1_83' title='bbox 1013 1532 1031 1576; x_wconf 90' lang='lat' dir='ltr'><strong>c</strong></span> 
     </span>
     <span class='ocr_line' id='line_1_13' title="bbox 111 1607 1031 1698; baseline 0.001 -24"><span class='ocrx_word' id='word_1_84' title='bbox 111 1620 205 1685; x_wconf 86' lang='lat' dir='ltr'><strong>tum,</strong></span> <span class='ocrx_word' id='word_1_85' title='bbox 230 1622 269 1679; x_wconf 86' lang='lat' dir='ltr'><strong>ut</strong></span> <span class='ocrx_word' id='word_1_86' title='bbox 281 1610 435 1689; x_wconf 80' lang='lat' dir='ltr'><strong>Vettius,</strong></span> <span class='ocrx_word' id='word_1_87' title='bbox 459 1610 552 1698; x_wconf 79' lang='lat' dir='ltr'><strong>quoti</strong></span> <span class='ocrx_word' id='word_1_88' title='bbox 573 1611 740 1679; x_wconf 79' lang='lat' dir='ltr'><strong>confessus</strong></span> <span class='ocrx_word' id='word_1_89' title='bbox 764 1607 845 1679; x_wconf 82' lang='lat' dir='ltr'><strong>oiiet</strong></span> <span class='ocrx_word' id='word_1_90' title='bbox 864 1609 897 1676; x_wconf 84' lang='lat' dir='ltr'><strong>[e</strong></span> <span class='ocrx_word' id='word_1_91' title='bbox 911 1632 990 1677; x_wconf 87' lang='lat' dir='ltr'><strong>cum</strong></span> <span class='ocrx_word' id='word_1_92' title='bbox 1007 1624 1031 1676; x_wconf 71' lang='lat' dir='ltr'><strong>tt</strong></span> 
     </span>
     <span class='ocr_line' id='line_1_14' title="bbox 111 1708 1031 1799; baseline 0.004 -25"><span class='ocrx_word' id='word_1_93' title='bbox 111 1708 188 1785; x_wconf 84' lang='lat' dir='ltr'><strong>isle,</strong></span> <span class='ocrx_word' id='word_1_94' title='bbox 206 1715 243 1780; x_wconf 91' lang='lat' dir='ltr'><strong>in</strong></span> <span class='ocrx_word' id='word_1_95' title='bbox 259 1710 392 1781; x_wconf 65' lang='lat' dir='ltr'><strong>vinceda</strong></span> <span class='ocrx_word' id='word_1_96' title='bbox 414 1716 656 1780; x_wconf 85' lang='lat' dir='ltr'><strong>coniiceretur:</strong></span> <span class='ocrx_word' id='word_1_97' title='bbox 685 1718 744 1799; x_wconf 83' lang='lat' dir='ltr'><strong>qui</strong></span> <span class='ocrx_word' id='word_1_98' title='bbox 764 1734 841 1778; x_wconf 86' lang='lat' dir='ltr'><strong>eum</strong></span> <span class='ocrx_word' id='word_1_99' title='bbox 868 1708 1031 1787; x_wconf 60' lang='lat' dir='ltr'><strong>emifiisee</strong></span> 
     </span>
     <span class='ocr_line' id='line_1_15' title="bbox 111 1808 1031 1905; baseline -0.002 -26"><span class='ocrx_word' id='word_1_100' title='bbox 111 1823 167 1880; x_wconf 80' lang='lat' dir='ltr'><strong>tra</strong></span> <span class='ocrx_word' id='word_1_101' title='bbox 185 1834 260 1882; x_wconf 86' lang='lat' dir='ltr'><strong>rem</strong></span> <span class='ocrx_word' id='word_1_102' title='bbox 279 1813 451 1905; x_wconf 84' lang='lat' dir='ltr'><strong>publicam</strong></span> <span class='ocrx_word' id='word_1_103' title='bbox 472 1812 537 1880; x_wconf 80' lang='lat' dir='ltr'><strong>esse</strong></span> <span class='ocrx_word' id='word_1_104' title='bbox 559 1816 740 1883; x_wconf 81' lang='lat' dir='ltr'><strong>facturum.</strong></span> <span class='ocrx_word' id='word_1_105' title='bbox 782 1808 852 1878; x_wconf 82' lang='lat' dir='ltr'><strong>Res</strong></span> <span class='ocrx_word' id='word_1_106' title='bbox 876 1824 952 1879; x_wconf 85' lang='lat' dir='ltr'><strong>erut</strong></span> <span class='ocrx_word' id='word_1_107' title='bbox 973 1816 1031 1879; x_wconf 69' lang='lat' dir='ltr'><strong>int</strong></span> 
     </span>
     <span class='ocr_line' id='line_1_16' title="bbox 111 1912 1031 2006; baseline -0.003 -23"><span class='ocrx_word' id='word_1_108' title='bbox 111 1920 234 1992; x_wconf 81' lang='lat' dir='ltr'><strong>utone,</strong></span> <span class='ocrx_word' id='word_1_109' title='bbox 260 1924 300 1986; x_wconf 82' lang='lat' dir='ltr'><strong>ut</strong></span> <span class='ocrx_word' id='word_1_110' title='bbox 319 1926 481 2006; x_wconf 82' lang='lat' dir='ltr'><strong>putarent</strong></span> <span class='ocrx_word' id='word_1_111' title='bbox 503 1914 540 1983; x_wconf 87' lang='lat' dir='ltr'><strong>id</strong></span> <span class='ocrx_word' id='word_1_112' title='bbox 560 1914 624 1984; x_wconf 81' lang='lat' dir='ltr'><strong>csse</strong></span> <span class='ocrx_word' id='word_1_113' title='bbox 641 1927 772 2001; x_wconf 79' lang='lat' dir='ltr'><strong>actum,</strong></span> <span class='ocrx_word' id='word_1_114' title='bbox 799 1922 840 1979; x_wconf 90' lang='lat' dir='ltr'><strong>ut</strong></span> <span class='ocrx_word' id='word_1_115' title='bbox 853 1912 993 1983; x_wconf 81' lang='lat' dir='ltr'><strong>Vettius</strong></span> <span class='ocrx_word' id='word_1_116' title='bbox 1013 1919 1031 1981; x_wconf 71' lang='lat' dir='ltr'><strong>ii</strong></span> 
     </span>
     <span class='ocr_line' id='line_1_17' title="bbox 114 2006 1031 2107; baseline -0.004 -22"><span class='ocrx_word' id='word_1_117' title='bbox 114 2040 190 2085; x_wconf 89' lang='lat' dir='ltr'><strong>cum</strong></span> <span class='ocrx_word' id='word_1_118' title='bbox 208 2023 374 2107; x_wconf 70' lang='lat' dir='ltr'><strong>pugione,</strong></span> <span class='ocrx_word' id='word_1_119' title='bbox 400 2022 541 2083; x_wconf 87' lang='lat' dir='ltr'><strong>etitem</strong></span> <span class='ocrx_word' id='word_1_120' title='bbox 562 2014 647 2085; x_wconf 87' lang='lat' dir='ltr'><strong>servi</strong></span> <span class='ocrx_word' id='word_1_121' title='bbox 667 2022 740 2082; x_wconf 82' lang='lat' dir='ltr'><strong>eius</strong></span> <span class='ocrx_word' id='word_1_122' title='bbox 762 2006 1031 2104; x_wconf 67' lang='lat' dir='ltr'><strong>&#39;comprehendet</strong></span> 
     </span>
     <span class='ocr_line' id='line_1_18' title="bbox 114 2115 1007 2202; baseline 0.001 -19"><span class='ocrx_word' id='word_1_123' title='bbox 114 2139 193 2183; x_wconf 87' lang='lat' dir='ltr'><strong>curn</strong></span> <span class='ocrx_word' id='word_1_124' title='bbox 214 2116 308 2199; x_wconf 87' lang='lat' dir='ltr'><strong>telis;</strong></span> <span class='ocrx_word' id='word_1_125' title='bbox 335 2118 458 2184; x_wconf 88' lang='lat' dir='ltr'><strong>deinde</strong></span> <span class='ocrx_word' id='word_1_126' title='bbox 479 2118 536 2184; x_wconf 89' lang='lat' dir='ltr'><strong>ille</strong></span> <span class='ocrx_word' id='word_1_127' title='bbox 558 2117 590 2183; x_wconf 84' lang='lat' dir='ltr'><strong>ie</strong></span> <span class='ocrx_word' id='word_1_128' title='bbox 610 2117 742 2185; x_wconf 82' lang='lat' dir='ltr'><strong>diceret</strong></span> <span class='ocrx_word' id='word_1_129' title='bbox 760 2115 1007 2202; x_wconf 63' lang='lat' dir='ltr'><strong>indicaturum</strong></span> 
     </span>
     <span class='ocr_line' id='line_1_19' title="bbox 112 2216 1031 2307; baseline -0.003 -21"><span class='ocrx_word' id='word_1_130' title='bbox 112 2224 161 2286; x_wconf 80' lang='lat' dir='ltr'><strong>ita</strong></span> <span class='ocrx_word' id='word_1_131' title='bbox 175 2220 304 2286; x_wconf 80' lang='lat' dir='ltr'><strong>iactum</strong></span> <span class='ocrx_word' id='word_1_132' title='bbox 320 2216 421 2292; x_wconf 77' lang='lat' dir='ltr'><strong>osset,</strong></span> <span class='ocrx_word' id='word_1_133' title='bbox 442 2218 501 2285; x_wconf 78' lang='lat' dir='ltr'><strong>nisi</strong></span> <span class='ocrx_word' id='word_1_134' title='bbox 518 2220 687 2285; x_wconf 75' lang='lat' dir='ltr'><strong>Curiones</strong></span> <span class='ocrx_word' id='word_1_135' title='bbox 704 2238 779 2283; x_wconf 81' lang='lat' dir='ltr'><strong>rem</strong></span> <span class='ocrx_word' id='word_1_136' title='bbox 794 2228 872 2281; x_wconf 78' lang='lat' dir='ltr'><strong>ente</strong></span> <span class='ocrx_word' id='word_1_137' title='bbox 887 2216 929 2282; x_wconf 85' lang='lat' dir='ltr'><strong>ad</strong></span> <span class='ocrx_word' id='word_1_138' title='bbox 943 2216 1031 2307; x_wconf 71' lang='lat' dir='ltr'><strong>Ponr¹</strong></span> 
     </span>
     <span class='ocr_line' id='line_1_20' title="bbox 115 2315 1028 2389; baseline -0.004 0"><span class='ocrx_word' id='word_1_139' title='bbox 115 2318 319 2389; x_wconf 82' lang='lat' dir='ltr'><strong>detulissent.</strong></span> <span class='ocrx_word' id='word_1_140' title='bbox 364 2316 459 2384; x_wconf 86' lang='lat' dir='ltr'><strong>Tum</strong></span> <span class='ocrx_word' id='word_1_141' title='bbox 475 2318 608 2385; x_wconf 79' lang='lat' dir='ltr'><strong>senatus</strong></span> <span class='ocrx_word' id='word_1_142' title='bbox 626 2315 814 2385; x_wconf 86' lang='lat' dir='ltr'><strong>consultum</strong></span> <span class='ocrx_word' id='word_1_143' title='bbox 830 2322 866 2383; x_wconf 87' lang='lat' dir='ltr'><strong>in</strong></span> <span class='ocrx_word' id='word_1_144' title='bbox 881 2324 1028 2386; x_wconf 85' lang='lat' dir='ltr'><strong>concion</strong></span> 
     </span>
     <span class='ocr_line' id='line_1_21' title="bbox 115 2418 1021 2506; baseline -0.002 -17"><span class='ocrx_word' id='word_1_145' title='bbox 115 2434 224 2490; x_wconf 89' lang='lat' dir='ltr'><strong>tatum</strong></span> <span class='ocrx_word' id='word_1_146' title='bbox 250 2422 306 2488; x_wconf 85' lang='lat' dir='ltr'><strong>est.</strong></span> <span class='ocrx_word' id='word_1_147' title='bbox 349 2418 487 2485; x_wconf 83' lang='lat' dir='ltr'><strong>Postero</strong></span> <span class='ocrx_word' id='word_1_148' title='bbox 513 2431 625 2485; x_wconf 86' lang='lat' dir='ltr'><strong>autem</strong></span> <span class='ocrx_word' id='word_1_149' title='bbox 644 2418 699 2483; x_wconf 88' lang='lat' dir='ltr'><strong>dio</strong></span> <span class='ocrx_word' id='word_1_150' title='bbox 723 2418 859 2493; x_wconf 82' lang='lat' dir='ltr'><strong>Caesar,</strong></span> <span class='ocrx_word' id='word_1_151' title='bbox 886 2424 935 2495; x_wconf 85' lang='lat' dir='ltr'><strong>is,</strong></span> <span class='ocrx_word' id='word_1_152' title='bbox 964 2427 1021 2506; x_wconf 90' lang='lat' dir='ltr'><strong>qui</strong></span> 
     </span>
     <span class='ocr_line' id='line_1_22' title="bbox 113 2516 1031 2616; baseline 0 -26"><span class='ocrx_word' id='word_1_153' title='bbox 113 2537 252 2616; x_wconf 82' lang='lat' dir='ltr'><strong>praetor</strong></span> <span class='ocrx_word' id='word_1_154' title='bbox 274 2544 378 2609; x_wconf 86' lang='lat' dir='ltr'><strong>quum</strong></span> <span class='ocrx_word' id='word_1_155' title='bbox 400 2516 497 2595; x_wconf 83' lang='lat' dir='ltr'><strong>esset,</strong></span> <span class='ocrx_word' id='word_1_156' title='bbox 520 2517 562 2612; x_wconf 82' lang='lat' dir='ltr'>Q</span> <span class='ocrx_word' id='word_1_157' title='bbox 576 2518 735 2587; x_wconf 85' lang='lat' dir='ltr'>Catulum</span> <span class='ocrx_word' id='word_1_158' title='bbox 753 2542 796 2587; x_wconf 85' lang='lat' dir='ltr'><strong>cx</strong></span> <span class='ocrx_word' id='word_1_159' title='bbox 808 2518 973 2589; x_wconf 81' lang='lat' dir='ltr'><strong>inferiore</strong></span> <span class='ocrx_word' id='word_1_160' title='bbox 993 2521 1031 2589; x_wconf 86' lang='lat' dir='ltr'><strong>lo</strong></span> 
     </span>
    </p>
   </div>
   <div class='ocr_carea' id='block_1_3' title="bbox 493 2776 763 2799">
    <p class='ocr_par' dir='ltr' id='par_1_4' title="bbox 493 2776 763 2799">
     <span class='ocr_line' id='line_1_23' title="bbox 493 2776 763 2799; baseline -0.004 -1"><span class='ocrx_word' id='word_1_161' title='bbox 493 2776 763 2799; x_wconf 57' lang='lat' dir='ltr'><em>m</em></span> 
     </span>
    </p>
   </div>
   <div class='ocr_carea' id='block_1_4' title="bbox 113 2961 1031 4066">
    <p class='ocr_par' dir='ltr' id='par_1_5' title="bbox 113 2961 1031 4066">
     <span class='ocr_line' id='line_1_24' title="bbox 114 2961 1031 3047; baseline 0 -17"><span class='ocrx_word' id='word_1_162' title='bbox 114 2966 196 3030; x_wconf 82' lang='lat' dir='ltr'><strong>Iulio</strong></span> <span class='ocrx_word' id='word_1_163' title='bbox 206 2962 338 3028; x_wconf 72' lang='lat' dir='ltr'><strong>Caesare</strong></span> <span class='ocrx_word' id='word_1_164' title='bbox 349 2964 478 3047; x_wconf 77' lang='lat' dir='ltr'><strong>Augure</strong></span> <span class='ocrx_word' id='word_1_165' title='bbox 489 2984 602 3027; x_wconf 83' lang='lat' dir='ltr'><strong>rennn-</strong></span> <span class='ocrx_word' id='word_1_166' title='bbox 658 2965 811 3026; x_wconf 79' lang='lat' dir='ltr'><strong>omittitur</strong></span> <span class='ocrx_word' id='word_1_167' title='bbox 824 2961 882 3028; x_wconf 85' lang='lat' dir='ltr'><strong>bic.</strong></span> <span class='ocrx_word' id='word_1_168' title='bbox 924 2963 1031 3030; x_wconf 79' lang='lat' dir='ltr'><strong>Fortel</strong></span> 
     </span>
     <span class='ocr_line' id='line_1_25' title="bbox 114 3048 1031 3134; baseline -0.003 -20"><span class='ocrx_word' id='word_1_169' title='bbox 114 3048 281 3123; x_wconf 68' lang='lat' dir='ltr'><strong>ciaconii,</strong></span> <span class='ocrx_word' id='word_1_170' title='bbox 304 3066 376 3113; x_wconf 77' lang='lat' dir='ltr'><strong>onte</strong></span> <span class='ocrx_word' id='word_1_171' title='bbox 392 3056 472 3111; x_wconf 82' lang='lat' dir='ltr'><strong>diem</strong></span> <span class='ocrx_word' id='word_1_172' title='bbox 487 3072 516 3111; x_wconf 80' lang='lat' dir='ltr'><strong>ix</strong></span> <span class='ocrx_word' id='word_1_173' title='bbox 531 3048 602 3112; x_wconf 86' lang='lat' dir='ltr'><strong>Kol.</strong></span> <span class='ocrx_word' id='word_1_174' title='bbox 657 3048 823 3133; x_wconf 76' lang='lat' dir='ltr'><strong>legendum</strong></span> <span class='ocrx_word' id='word_1_175' title='bbox 839 3053 983 3134; x_wconf 76' lang='lat' dir='ltr'><strong>incoque.</strong></span> <span class='ocrx_word' id='word_1_176' title='bbox 1005 3049 1031 3110; x_wconf 83' lang='lat' dir='ltr'><em>E</em></span> 
     </span>
     <span class='ocr_line' id='line_1_26' title="bbox 115 3132 1031 3220; baseline 0.002 -23"><span class='ocrx_word' id='word_1_177' title='bbox 115 3137 203 3217; x_wconf 79' lang='lat' dir='ltr'><strong>Sept.</strong></span> <span class='ocrx_word' id='word_1_178' title='bbox 218 3156 283 3217; x_wconf 86' lang='lat' dir='ltr'><strong>quo</strong></span> <span class='ocrx_word' id='word_1_179' title='bbox 305 3138 358 3197; x_wconf 85' lang='lat' dir='ltr'><strong>die</strong></span> <span class='ocrx_word' id='word_1_180' title='bbox 374 3135 520 3196; x_wconf 76' lang='lat' dir='ltr'><strong>Lentulus</strong></span> <span class='ocrx_word' id='word_1_181' title='bbox 535 3135 602 3197; x_wconf 75' lang='lat' dir='ltr'><strong>Illo·</strong></span> <span class='ocrx_word' id='word_1_182' title='bbox 700 3132 899 3220; x_wconf 82' lang='lat' dir='ltr'><strong>itofaotum]</strong></span> <span class='ocrx_word' id='word_1_183' title='bbox 927 3138 1031 3199; x_wconf 76' lang='lat' dir='ltr'><strong>SicEr</strong></span> 
     </span>
     <span class='ocr_line' id='line_1_27' title="bbox 115 3220 1030 3305; baseline 0 -24"><span class='ocrx_word' id='word_1_184' title='bbox 115 3238 188 3282; x_wconf 82' lang='lat' dir='ltr'><strong>men</strong></span> <span class='ocrx_word' id='word_1_185' title='bbox 216 3222 367 3282; x_wconf 73' lang='lat' dir='ltr'><strong>Martialis</strong></span> <span class='ocrx_word' id='word_1_186' title='bbox 402 3223 601 3304; x_wconf 69' lang='lat' dir='ltr'><strong>inauguratus</strong></span> <span class='ocrx_word' id='word_1_187' title='bbox 659 3223 788 3281; x_wconf 82' lang='lat' dir='ltr'><strong>correxit</strong></span> <span class='ocrx_word' id='word_1_188' title='bbox 805 3220 885 3305; x_wconf 79' lang='lat' dir='ltr'><strong>vulg.</strong></span> <span class='ocrx_word' id='word_1_189' title='bbox 903 3222 948 3281; x_wconf 83' lang='lat' dir='ltr'><strong>lta</strong></span> <span class='ocrx_word' id='word_1_190' title='bbox 964 3233 1030 3283; x_wconf 80' lang='lat' dir='ltr'><strong>actu</strong></span> 
     </span>
     <span class='ocr_line' id='line_1_28' title="bbox 117 3302 1031 3391; baseline 0.003 -25"><span class='ocrx_word' id='word_1_191' title='bbox 117 3302 172 3379; x_wconf 81' lang='lat' dir='ltr'><strong>est,</strong></span> <span class='ocrx_word' id='word_1_192' title='bbox 197 3304 310 3367; x_wconf 81' lang='lat' dir='ltr'><strong>dornuo</strong></span> <span class='ocrx_word' id='word_1_193' title='bbox 333 3321 443 3365; x_wconf 71' lang='lat' dir='ltr'><strong>ornato</strong></span> <span class='ocrx_word' id='word_1_194' title='bbox 465 3306 539 3377; x_wconf 79' lang='lat' dir='ltr'><strong>fuit,</strong></span> <span class='ocrx_word' id='word_1_195' title='bbox 570 3319 603 3365; x_wconf 79' lang='lat' dir='ltr'><strong>ct</strong></span> <span class='ocrx_word' id='word_1_196' title='bbox 657 3304 967 3380; x_wconf 78' lang='lat' dir='ltr'><strong>vitiolocumdedit,</strong></span> <span class='ocrx_word' id='word_1_197' title='bbox 988 3328 1031 3391; x_wconf 87' lang='lat' dir='ltr'><strong>qu</strong></span> 
     </span>
     <span class='ocr_line' id='line_1_29' title="bbox 117 3385 941 3539; baseline 0 -88"><span class='ocrx_word' id='word_1_198' title='bbox 117 3400 200 3539; x_wconf 60' lang='lat' dir='ltr'><strong>gneo</strong></span> <span class='ocrx_word' id='word_1_199' title='bbox 220 3391 311 3471; x_wconf 75' lang='lat' dir='ltr'><strong>plura</strong></span> <span class='ocrx_word' id='word_1_200' title='bbox 331 3389 476 3472; x_wconf 81' lang='lat' dir='ltr'><strong>leguntur</strong></span> <span class='ocrx_word' id='word_1_201' title='bbox 496 3388 546 3450; x_wconf 89' lang='lat' dir='ltr'><strong>lib.</strong></span> <span class='ocrx_word' id='word_1_202' title='bbox 562 3388 601 3450; x_wconf 89' lang='lat'><strong>11.</strong></span> <span class='ocrx_word' id='word_1_203' title='bbox 658 3403 689 3450; x_wconf 83' lang='lat' dir='ltr'><strong>te</strong></span> <span class='ocrx_word' id='word_1_204' title='bbox 704 3385 747 3449; x_wconf 84' lang='lat' dir='ltr'><strong>est</strong></span> <span class='ocrx_word' id='word_1_205' title='bbox 760 3400 859 3447; x_wconf 85' lang='lat' dir='ltr'><strong>actum</strong></span> <span class='ocrx_word' id='word_1_206' title='bbox 874 3390 941 3467; x_wconf 83' lang='lat' dir='ltr'><strong>esse.</strong></span> 
     </span>
     <span class='ocr_line' id='line_1_30' title="bbox 141 3470 1031 3560; baseline 0.002 -25"><span class='ocrx_word' id='word_1_207' title='bbox 141 3490 239 3536; x_wconf 81' lang='lat' dir='ltr'><strong>eturn.</strong></span> <span class='ocrx_word' id='word_1_208' title='bbox 264 3497 289 3536; x_wconf 90' lang='lat' dir='ltr'><strong>o.</strong></span> <span class='ocrx_word' id='word_1_209' title='bbox 304 3496 334 3555; x_wconf 83' lang='lat'><strong>9.</strong></span> <span class='ocrx_word' id='word_1_210' title='bbox 357 3476 398 3534; x_wconf 86' lang='lat' dir='ltr'><strong>de</strong></span> <span class='ocrx_word' id='word_1_211' title='bbox 418 3471 600 3554; x_wconf 80' lang='lat' dir='ltr'><strong>sumptuoso</strong></span> <span class='ocrx_word' id='word_1_212' title='bbox 701 3472 740 3556; x_wconf 83' lang='lat' dir='ltr'><em>Q</em></span> <span class='ocrx_word' id='word_1_213' title='bbox 761 3470 922 3560; x_wconf 80' lang='lat' dir='ltr'><strong>Catulum]</strong></span> <span class='ocrx_word' id='word_1_214' title='bbox 959 3494 1031 3558; x_wconf 82' lang='lat' dir='ltr'><strong>quot</strong></span> 
     </span>
     <span class='ocr_line' id='line_1_31' title="bbox 117 3554 1031 3641; baseline 0 -21"><span class='ocrx_word' id='word_1_215' title='bbox 117 3579 236 3627; x_wconf 73' lang='lat' dir='ltr'><strong>coenae</strong></span> <span class='ocrx_word' id='word_1_216' title='bbox 263 3572 426 3641; x_wconf 71' lang='lat' dir='ltr'><strong>apparatu.</strong></span> <span class='ocrx_word' id='word_1_217' title='bbox 489 3554 601 3619; x_wconf 77' lang='lat' dir='ltr'><strong>Enoch.</strong></span> <span class='ocrx_word' id='word_1_218' title='bbox 656 3554 726 3616; x_wconf 86' lang='lat' dir='ltr'><strong>lum·</strong></span> <span class='ocrx_word' id='word_1_219' title='bbox 744 3559 784 3618; x_wconf 89' lang='lat' dir='ltr'><strong>de</strong></span> <span class='ocrx_word' id='word_1_220' title='bbox 802 3561 979 3622; x_wconf 81' lang='lat' dir='ltr'><strong>resectione</strong></span> <span class='ocrx_word' id='word_1_221' title='bbox 998 3561 1031 3622; x_wconf 70' lang='lat' dir='ltr'><strong>Cu</strong></span> 
     </span>
     <span class='ocr_line' id='line_1_32' title="bbox 116 3639 1031 3726; baseline 0 -19"><span class='ocrx_word' id='word_1_222' title='bbox 116 3643 297 3720; x_wconf 67' lang='lat' dir='ltr'><strong>spanhemli</strong></span> <span class='ocrx_word' id='word_1_223' title='bbox 312 3647 352 3705; x_wconf 86' lang='lat' dir='ltr'><strong>de</strong></span> <span class='ocrx_word' id='word_1_224' title='bbox 368 3639 551 3725; x_wconf 72' lang='lat' dir='ltr'><strong>praestantia</strong></span> <span class='ocrx_word' id='word_1_225' title='bbox 570 3657 603 3703; x_wconf 85' lang='lat' dir='ltr'><strong>ot</strong></span> <span class='ocrx_word' id='word_1_226' title='bbox 657 3642 698 3701; x_wconf 83' lang='lat' dir='ltr'><strong>od</strong></span> <span class='ocrx_word' id='word_1_227' title='bbox 712 3642 959 3726; x_wconf 73' lang='lat' dir='ltr'><strong>disquisitionem</strong></span> <span class='ocrx_word' id='word_1_228' title='bbox 969 3664 1031 3726; x_wconf 70' lang='lat' dir='ltr'><strong>pou</strong></span> 
     </span>
     <span class='ocr_line' id='line_1_33' title="bbox 117 3727 1031 3813; baseline -0.002 -22"><span class='ocrx_word' id='word_1_229' title='bbox 117 3728 172 3791; x_wconf 80' lang='lat' dir='ltr'><strong>uiu</strong></span> <span class='ocrx_word' id='word_1_230' title='bbox 188 3732 345 3813; x_wconf 77' lang='lat' dir='ltr'><strong>antiquor.</strong></span> <span class='ocrx_word' id='word_1_231' title='bbox 378 3727 600 3802; x_wconf 74' lang='lat' dir='ltr'><strong>Numism.c.‚6.</strong></span> <span class='ocrx_word' id='word_1_232' title='bbox 657 3731 753 3800; x_wconf 79' lang='lat' dir='ltr'><strong>cavit,</strong></span> <span class='ocrx_word' id='word_1_233' title='bbox 775 3734 944 3812; x_wconf 72' lang='lat' dir='ltr'><strong>rogatione</strong></span> <span class='ocrx_word' id='word_1_234' title='bbox 965 3750 1031 3810; x_wconf 68' lang='lat' dir='ltr'><strong>pros</strong></span> 
     </span>
     <span class='ocr_line' id='line_1_34' title="bbox 121 3810 1031 3892; baseline -0.002 -17"><span class='ocrx_word' id='word_1_235' title='bbox 121 3810 232 3877; x_wconf 75' lang='lat' dir='ltr'><strong>Graec.</strong></span> <span class='ocrx_word' id='word_1_236' title='bbox 658 3826 700 3879; x_wconf 80' lang='lat' dir='ltr'><strong>te,</strong></span> <span class='ocrx_word' id='word_1_237' title='bbox 723 3833 784 3892; x_wconf 84' lang='lat' dir='ltr'><strong>qua</strong></span> <span class='ocrx_word' id='word_1_238' title='bbox 802 3817 999 3875; x_wconf 77' lang='lat' dir='ltr'><strong>curationem</strong></span> <span class='ocrx_word' id='word_1_239' title='bbox 1013 3816 1031 3874; x_wconf 83' lang='lat' dir='ltr'><strong>ll</strong></span> 
     </span>
     <span class='ocr_line' id='line_1_35' title="bbox 160 3895 1031 3976; baseline 0.006 -21"><span class='ocrx_word' id='word_1_240' title='bbox 160 3899 281 3957; x_wconf 69' lang='lat' dir='ltr'><strong>dixerat</strong></span> <span class='ocrx_word' id='word_1_241' title='bbox 294 3895 518 3971; x_wconf 78' lang='lat' dir='ltr'><strong>adolescentium</strong></span> <span class='ocrx_word' id='word_1_242' title='bbox 534 3914 600 3953; x_wconf 85' lang='lat' dir='ltr'><strong>con·</strong></span> <span class='ocrx_word' id='word_1_243' title='bbox 657 3896 843 3976; x_wconf 81' lang='lat' dir='ltr'><strong>Pompeium</strong></span> <span class='ocrx_word' id='word_1_244' title='bbox 859 3900 1031 3961; x_wconf 72' lang='lat' dir='ltr'><strong>transfereb</strong></span> 
     </span>
     <span class='ocr_line' id='line_1_36' title="bbox 113 3979 1014 4066; baseline 0.012 -31"><span class='ocrx_word' id='word_1_245' title='bbox 113 3981 239 4066; x_wconf 75' lang='lat' dir='ltr'><strong>filimn]</strong></span> <span class='ocrx_word' id='word_1_246' title='bbox 287 3985 341 4045; x_wconf 84' lang='lat' dir='ltr'><strong>int.</strong></span> <span class='ocrx_word' id='word_1_247' title='bbox 365 3979 600 4062; x_wconf 70' lang='lat' dir='ltr'><strong>eloquentibus</strong></span> <span class='ocrx_word' id='word_1_248' title='bbox 657 3994 723 4044; x_wconf 87' lang='lat' dir='ltr'><strong>ton.</strong></span> <span class='ocrx_word' id='word_1_249' title='bbox 748 3985 778 4041; x_wconf 89' lang='lat' dir='ltr'><strong>in</strong></span> <span class='ocrx_word' id='word_1_250' title='bbox 802 3981 887 4045; x_wconf 79' lang='lat' dir='ltr'><strong>Ceos.</strong></span> <span class='ocrx_word' id='word_1_251' title='bbox 913 4004 940 4046; x_wconf 88' lang='lat' dir='ltr'><strong>c.</strong></span> <span class='ocrx_word' id='word_1_252' title='bbox 966 4005 1014 4061; x_wconf 80' lang='lat'><strong>15·</strong></span> 
     </span>
    </p>
   </div>
   <div class='ocr_carea' id='block_1_5' title="bbox 111 4062 1031 4149">
    <p class='ocr_par' dir='ltr' id='par_1_6' title="bbox 111 4062 1031 4149">
     <span class='ocr_line' id='line_1_37' title="bbox 111 4062 1031 4149; baseline 0.004 -24"><span class='ocrx_word' id='word_1_253' title='bbox 111 4066 227 4145; x_wconf 70' lang='lat' dir='ltr'><strong>fuissof</strong></span> <span class='ocrx_word' id='word_1_254' title='bbox 266 4064 320 4131; x_wconf 81' lang='lat' dir='ltr'><strong>ctfi</strong></span> <span class='ocrx_word' id='word_1_255' title='bbox 349 4064 459 4149; x_wconf 72' lang='lat' dir='ltr'><strong>paullo</strong></span> <span class='ocrx_word' id='word_1_256' title='bbox 494 4064 602 4129; x_wconf 70' lang='lat' dir='ltr'><strong>durius</strong></span> <span class='ocrx_word' id='word_1_257' title='bbox 657 4062 710 4128; x_wconf 87' lang='lat' dir='ltr'><strong>lib.</strong></span> <span class='ocrx_word' id='word_1_258' title='bbox 724 4068 888 4135; x_wconf 74' lang='lat' dir='ltr'><strong>xxxvii</strong></span> <span class='ocrx_word' id='word_1_259' title='bbox 913 4064 1031 4129; x_wconf 73' lang='lat' dir='ltr'><strong>Corrod</strong></span> 
     </span>
    </p>
   </div>
   <div class='ocr_carea' id='block_1_6' title="bbox 0 0 1266 4808">
    <p class='ocr_par' dir='ltr' id='par_1_7' title="bbox 0 0 1266 4808">
     <span class='ocr_line' id='line_1_38' title="bbox 0 0 1266 4808; baseline 0 0"><span class='ocrx_word' id='word_1_260' title='bbox 0 0 1266 4808; x_wconf 95' lang='lat' dir='ltr'><strong> </strong></span> 
     </span>
    </p>
   </div>
  </div>
 </body>
</html>
