2506 4808
140 297 211 363 ω
415 272 697 347 EPISTOLA
765 278 900 349 XLII.

139 471 242 553 ἅπας
263 464 345 554 qnid
367 464 526 534 summm
542 467 668 541 suerit,
688 463 711 531 si
732 463 874 534 Bibulus
896 480 972 534 tum
992 473 1030 535 in

141 568 382 642 descendisset,
418 569 452 635 se
477 568 630 634 dinume
659 591 730 634 non
757 567 911 656 pomisse.
957 569 1054 637 Nunc

138 669 422 759 Sampficerame,
435 672 518 755 qnid
532 668 652 735 dices?
674 669 816 754 vectigal
833 683 869 735 te
883 672 985 739 nobis
1000 677 1037 739 in
1050 698 1054 736 η

140 773 339 841 Antilibano
353 769 567 854 cpnstituisse,
587 778 657 858 agri
667 772 833 858 Campani
846 771 1040 839 abstulisse?

139 875 207 949 hoc
223 871 509 958 quemadmodum
530 869 727 938 obtinebis?
752 872 926 960 oppressos
941 897 1023 951 vos,
1040 883 1054 942 i

138 979 266 1047 tenebo
295 978 449 1040 exercitu
478 971 643 1038 Caesaris.
708 971 788 1036 Non
817 970 1016 1045 mehercule
1042 1002 1054 1041 1

138 1080 276 1165 quidem
297 1091 366 1140 tam
391 1072 455 1140 isto
478 1079 650 1147 exercitu,
683 1094 784 1157 quam
806 1079 949 1161 ingratis
972 1084 1054 1145 enim

137 1198 216 1245 rum
236 1177 430 1248 hominum,
464 1181 521 1258 qui
541 1170 753 1262 appellantur
776 1175 875 1239 boni:
913 1185 970 1260 qui
992 1177 1054 1244 mii

136 1279 244 1348 modo
272 1283 535 1367 praemiorum,
564 1273 622 1340 sed
644 1296 690 1341 ne
719 1273 914 1340 sermonum
934 1280 1054 1363 quiden

138 1403 237 1473 quam
252 1380 404 1445 fructum
419 1377 544 1463 ulium,
564 1387 622 1442 aut
635 1381 776 1463 gratiam
790 1376 997 1446 retulerunt.

106 1528 127 1573 2
221 1479 326 1575 Quod
348 1478 427 1549 siin
450 1501 522 1544 eam
544 1497 599 1540 me
621 1487 754 1564 partem
774 1481 975 1555 incitarem,
1010 1505 1054 1571 pr

136 1590 205 1649 iam
228 1581 371 1664 aliquam
392 1585 582 1670 reperirem
611 1571 783 1643 refisiendi
805 1584 902 1645 viam.
944 1580 1046 1649 Nunc

136 1683 192 1751 sus
219 1681 424 1756 hocstatui,
447 1695 485 1748 nt
508 1682 664 1764 quoniam
687 1687 782 1746 tama
796 1681 1027 1750 controversia
1048 1708 1054 1748 ι

137 1781 309 1858 coearchi,
352 1782 508 1848 familiari
534 1793 612 1852 tuo,
658 1802 736 1843 cnm
757 1777 1014 1871 Theophrasto,

134 1906 233 1960 meo,
268 1897 307 1952 ut
328 1884 385 1951 ille
406 1898 484 1949 tuus
508 1880 564 1949 riv
583 1874 754 1968 rpexrmc'v
776 1883 851 1970 βίον
879 1884 984 1974 longe
1006 1909 1054 1951 οη

136 1998 336 2075 anteponat,
368 1983 424 2048 hic
449 1995 562 2047 autem
587 1978 642 2048 τδν
665 1980 877 2071 θεωρητικόν,
914 1990 1052 2072 utrique

135 2110 211 2155 mos
236 2085 348 2174 gestus
373 2083 421 2150 ess
428 2108 437 2127 ,
460 2083 624 2151 videntur.
666 2081 755 2151 Puto
776 2091 866 2151 enim
882 2109 936 2152 me
951 2078 1054 2154 Dicae

135 2190 266 2255 affatim
290 2183 499 2266 satisfecisse;
536 2184 675 2271 respicio
694 2208 786 2250 nunc
807 2187 849 2250 ad
872 2183 960 2251 hanc
984 2187 1052 2253 fam

136 2285 324 2373 quaemihi
346 2285 559 2357 nommodo,
583 2297 623 2348 ut
644 2287 864 2368 requiescam,
887 2270 1054 2376 permittit

133 2388 372 2478 reprehendit,
407 2394 481 2470 qnia
511 2407 580 2449 non
608 2385 736 2474 semper
769 2394 921 2471 quietim.
973 2389 1054 2481 Qua:

134 2482 350 2565 cumbamus,
388 2511 409 2552 o
430 2486 544 2553 noster
558 2484 668 2560 .Tite,
702 2488 744 2550 ad
766 2489 821 2553 illa
843 2490 1054 2582 praeclaras

511 2709 782 2724 m

175 2867 250 2947 quid
279 2863 421 2934 futurum
457 2860 558 2932 suerit
587 2867 618 2942 fi
716 2869 965 2947 quemadmodum
999 2874 1054 2931 niti

134 2944 272 3032 Bibulus]
294 2948 428 3028 Respicit
448 2955 507 3007 vim
524 2947 618 3009 Bibu-
676 2951 842 3030 quomodo
869 2949 932 3013 boc
959 2951 1024 3018 fine

127 3032 165 3107 lo
193 3036 334 3101 sectam,
368 3054 465 3114 quum
490 3033 617 3095 Bibulus
674 3033 822 3097 henfione
836 3035 994 3100 bonorum
1008 3057 1054 3102 tue

132 3122 188 3199 qui
214 3139 252 3178 ex
274 3117 345 3199 sege
366 3118 456 3179 Aelio
481 3117 617 3181 Caesaris
716 3121 864 3196 oppressos
893 3122 968 3207 vos]
1025 3124 1054 3187 sc

130 3201 250 3286 legibus
278 3199 503 3274 obnuntiasset,
527 3208 617 3265 ermis
677 3204 872 3284 obloquemi.

129 3289 203 3349 soro
235 3284 308 3347 esset
335 3286 475 3366 expassus
505 3303 536 3346 et
565 3310 617 3349 co·
718 3290 1054 3372 2.Quodfiineampars

129 3369 228 3454 pbino
251 3369 390 3432 stercoris
412 3371 594 3449 superfusus.
675 3373 850 3456 incitarem]
894 3376 929 3436 Si
959 3378 1054 3439 vellen

175 3452 211 3514 In
231 3469 330 3517 monte
343 3455 531 3541 Antilibano]
555 3456 616 3518 scil.
673 3456 826 3530 resistere,
861 3474 892 3518 et
913 3466 947 3521 in
965 3461 1054 3524 hoc*

129 3542 272 3624 vectigali
300 3543 422 3605 Iudaeis
452 3559 483 3602 et
505 3544 616 3604 Coele·
673 3563 784 3604 rerem.
806 3544 910 3606 Innuit
931 3555 1054 3609 antemi

129 3625 227 3708 syriae
247 3625 403 3706 imposito.
453 3627 528 3688 Non
549 3643 616 3688 eret
672 3629 704 3690 se
726 3632 852 3711 ingratis
873 3627 1054 3692 bominum.

132 3728 237 3772 eurem
268 3709 529 3784 consentaneum,
579 3727 616 3772 ut
672 3715 880 3789 commoveri,
903 3731 938 3775 ut
957 3737 1054 3798 remp.

130 3800 186 3878 qui
207 3794 368 3878 vectigalia
390 3799 422 3857 P.
437 3797 475 3861 R.
495 3802 528 3857 in
546 3796 617 3856 lon·
671 3813 737 3867 rat,
760 3813 791 3856 et
813 3795 866 3856 fibi
884 3804 1042 3880 potiusne

152 3884 253 3963 inquit
272 3874 274 3879 ¹
294 3880 487 3963 ,regionibust
523 3879 617 3940 nuxis·
674 3904 769 3968 quem
783 3882 912 3961 publicis
927 3891 1054 3969 negotiis

128 3903 190 4038 set,
224 3964 359 4026 eundem
377 3962 544 4035 domestice
564 3984 618 4026 ou·
714 3965 762 4022 Ad
799 3970 871 4025 hanc
897 3967 1053 4038 furnilium

129 4051 221 4116 serre.
675 4048 955 4132 pbilosophorum,
975 4061 1009 4117 in
1024 4077 1054 4139 qr
