2506 4808
333 319 617 390 [marona
674 324 841 393 cxxv.
1039 341 1100 415 149

63 505 232 596 piissimis,
277 519 310 571 et
336 507 511 574 laboribus
542 516 696 577 maximis
734 511 906 598 perfuncti
937 510 1096 589 essemus,

65 610 214 696 dignitas
238 613 272 672 in
297 608 469 677 sententiis
493 613 669 689 dicendis,
690 612 829 687 libertas
852 619 885 677 in
912 616 1097 703 republica
1129 658 1132 665 -

65 710 281 798 capessenda3
305 734 343 775 ea
358 711 483 777 sublata
499 725 587 777 tota:
612 713 666 778 sed
684 734 746 779 nec
762 710 844 777 mihi
859 721 980 802 magis,
997 739 1096 800 quam

64 815 236 876 omnibus.
282 812 368 877 Nam
385 827 442 878 aut
463 813 704 879 assentiendum
719 813 766 879 est
781 814 871 883 nulia
895 839 973 882 curn
990 825 1096 906 gravi·

65 927 136 978 tate
156 921 292 1009 paucis,
314 929 371 981 aut
395 914 520 980 frustra
542 915 810 983 dissentiendum.
854 916 947 985 Haec
970 943 1031 1009 ego
1053 921 1095 986 ad

65 1019 164 1080 teob
193 1039 265 1080 earn
292 1017 421 1081 cansam
443 1021 588 1080 maxime
612 1015 740 1089 scribo,
756 1029 795 1082 ut
817 1023 884 1085 iam
907 1033 943 1087 tu
961 1044 1096 1108 quoque

65 1118 109 1182 de
138 1132 196 1183 tua
223 1125 357 1183 ratione
383 1118 558 1182 meditere.
602 1118 817 1183 Commutato
843 1132 916 1187 tota
936 1129 1023 1189 ratio
1047 1122 1095 1195 eit
1198 1108 1203 1115 ⁷

66 1221 223 1292 senatus,
243 1221 465 1292 indiciorum,
488 1223 539 1285 rei
565 1225 671 1285 totius
692 1220 856 1308 pubiioae.
900 1220 1017 1291 Otium
1039 1247 1096 1290 no·

65 1321 120 1383 bis
146 1322 376 1408 exoptandum
396 1322 462 1404 eit3
494 1322 584 1404 quod
606 1327 649 1394 ii,
679 1326 735 1404 qui
758 1327 938 1408 potiuntur
956 1307 1096 1403 rerum,

64 1419 265 1508 praestaturi
289 1426 467 1498 videntur,
511 1421 543 1487 sr-
558 1423 693 1506 quidam
723 1419 890 1492 homines!
911 1432 1095 1513 patientius

67 1544 184 1587 eorum
201 1531 386 1610 potentiam
405 1527 498 1591 serre
513 1528 699 1612 potuerint.
733 1522 944 1610 Dignitatem
960 1529 1098 1611 quidem

66 1622 159 1687 iiiam
183 1624 391 1690 consularem
411 1627 528 1699 fortis,
551 1639 584 1691 et
606 1624 788 1693 constantis
810 1623 992 1703 senatoris,
1011 1627 1098 1703 nibil

67 1723 114 1786 est
137 1726 227 1807 quod
249 1733 451 1814 cogitemus.
494 1724 621 1793 Amissa
643 1724 742 1812 culpa
764 1724 968 1801 ostentum,
1000 1735 1096 1812 quia

68 1822 181 1890 senatu
209 1840 243 1890 et
267 1829 424 1893 ordinem
444 1825 765 1899 conirmctiffimum‚
785 1840 819 1890 et
838 1825 1012 1894 hominem
1033 1829 1097 1901 cla·

66 1924 227 1992 risfimum
246 1929 488 1995 abalienarunt.

447 2151 715 2172 m

104 2311 135 2387 si
168 2284 298 2389 quidam'
328 2308 481 2394 homines]
524 2312 557 2370 in
613 2308 699 2372 Idem
731 2308 843 2370 Cicero
877 2305 1023 2391 significet
1060 2306 1102 2373 ad

67 2399 174 2476 primic
203 2397 248 2454 M.
279 2395 383 2469 Caro,
428 2398 557 2476 eiusque
614 2392 844 2473 Att.i.r7.1ss.
867 2394 969 2474 (supra
992 2414 1101 2472 epm·

67 2480 284 2541 sororumviri
299 2481 345 2538 M.
361 2477 505 2550 Bibulus,
526 2495 558 2538 et
615 2486 663 2539 zi.
681 2478 768 2537 huius
784 2480 871 2556 edit.)
917 2475 1035 2536 Manui.

66 2565 101 2625 L.
139 2565 293 2624 Domitius
332 2563 558 2625 Ahenobarbus
602 2588 605 2593 ·
646 2563 1103 2646 sunninemclariffimum]Pom-

68 2649 204 2710 Caesaris
225 2666 255 2708 et
276 2652 414 2728 Pompeii
437 2666 558 2710 veteres
614 2654 739 2729 poium,
781 2670 874 2729 quem
908 2648 1103 2710 abalienave-

66 2738 190 2794 inimici.
232 2733 349 2795 Manui.
614 2752 683 2793 rant
705 2732 869 2806 asenam,
901 2738 990 2813 quia,
1021 2752 1103 2813 quae

111 2822 245 2876 ordinem
277 2819 557 2907 com'unctrffimum]
612 2819 808 2881 illo-devicto
825 2816 1005 2880 Mithridate
1022 2821 1103 2900 regi-

68 2902 259 2983 equestrem
283 2925 375 2982 quem
392 2904 456 2983 ipse
472 2907 558 2965 Cice·
614 2903 688 2974 bue,
713 2901 844 2987 dynastis
854 2947 862 2974 ‚
886 2917 916 2961 et
932 2903 1102 2967 civitatibus

66 3007 105 3046 ro
131 2988 236 3048 consui
264 3009 333 3046 cum
356 2989 462 3049 senatu
484 3010 557 3051 con·
613 2992 646 3048 in
662 2986 729 3049 Asia
753 2985 958 3060 conmiserat,
992 2985 1104 3047 confir»

67 3076 216 3132 iunxerat.
265 3074 424 3133 Alienatus
455 3094 558 3136 autem
614 3079 690 3133 mari
715 3094 730 3134 a
753 3073 857 3133 senam
877 3070 1105 3151 nonpermisan

69 3155 112 3217 esi
133 3181 149 3217 a
171 3158 274 3217 senatu
291 3160 418 3218 Catonis
441 3180 558 3239 opera,
614 3176 699 3231 rann,
722 3179 854 3238 quorum
880 3162 1025 3236 princeps
1046 3157 1105 3220 sust

70 3247 124 3322 qui
143 3245 316 3322 perentibus
332 3241 445 3304 Alianis
459 3244 562 3325 publi-
615 3244 648 3302 L.
676 3242 838 3312 Lucullus,
878 3246 931 3323 qui
965 3239 1105 3303 sororem

69 3333 173 3400 onnia,¹
195 3345 227 3386 ut
255 3333 454 3388 induceretur
476 3329 560 3389 ioca·
616 3329 660 3387 M.
679 3331 806 3388 Catonia
822 3326 979 3387 Serviliam
992 3329 1024 3386 in
1040 3344 1106 3387 mn·

70 3418 114 3471 tio
135 3399 347 3492 vecsigaiimn,
373 3434 455 3493 quae
475 3417 561 3494 cupi·
617 3417 766 3472 trimonio
788 3409 939 3481 habebat,
959 3411 1107 3475 adiuvan-

72 3499 168 3556 ditato
181 3494 334 3575 prolapsi.
356 3502 483 3558 nimium
496 3518 560 3557 ma·
617 3498 697 3557 tibus
714 3497 836 3556 Catone
853 3510 883 3557 et
902 3494 1030 3556 Metello
1047 3492 1107 3555 Ου’-

72 3602 135 3661 gno
166 3581 396 3654 conduxerant,
435 3582 561 3661 respon·
617 3583 682 3640 iere
703 3579 844 3651 consule,
870 3600 906 3640 ex
928 3599 994 3658 quo
1013 3580 1108 3643 Pom·

70 3667 134 3725 sum
169 3670 235 3727 dari
271 3664 370 3746 passus
397 3688 467 3726 ¹non
503 3665 561 3740 est,
617 3672 705 3745 peine
736 3685 832 3725 uxore
858 3663 948 3726 ducta
971 3660 1107 3723 Caesari!

71 3772 166 3830 quam
183 3751 313 3822 Caesar,
334 3770 416 3810 enno
434 3752 562 3833 sequen·
619 3749 697 3820 iiiia,
719 3750 808 3808 saciie
823 3752 1014 3826 impetravit,
1036 3749 1107 3807 utin

72 3841 94 3894 ri
118 3834 239 3905 consui,
273 3834 465 3898 occasionem
490 3838 563 3896 arri·
620 3833 808 3895 consularem
832 3831 881 3892 sue
900 3830 1107 3909 confirmarer.

70 3925 141 4000 puit
155 3921 339 3981 conciliandi
361 3918 415 3980 fibi
437 3939 468 3981 et
487 3942 503 3981 a
520 3919 563 3980 se·
621 3924 779 4000 Appianae
811 3917 864 3977 lib.
887 3916 926 3977 11.
953 3917 994 3976 do
1021 3913 1107 4001 beilo

70 4023 147 4065 nam
191 4007 386 4089 disiungendi
445 4005 562 4067 ordinis
620 4010 674 4066 civ.
699 4005 762 4063 Dio
784 4002 836 4065 lib.
854 4015 904 4077 37.
924 4002 1054 4065 Sueton.
1074 4005 1110 4065 in

72 4086 231 4172 equestria.
248 4091 378 4151 Sueton.
395 4091 451 4155 Iul.
470 4113 496 4153 c.
510 4111 576 4152 20.-
618 4089 675 4151 lui.
703 4111 729 4152 e.
752 4108 798 4170 ¹9·
841 4081 963 4145 Μαηατ.
