2506 4808
128 307 174 371 50
454 275 746 348 EPISTOLA
784 278 840 346 X.

98 474 102 483 '
132 496 278 559 aequum
294 471 369 546 esse,
391 493 469 538 eum
484 483 518 535 et
532 466 646 535 officio
661 488 739 532 meo
753 464 939 542 consulere,
957 481 992 535 et
1007 483 1072 535 tem

131 578 262 644 Durius
280 579 430 660 accipere
453 569 519 637 hoe
542 568 628 635 mihi
648 567 737 635 visus
761 568 826 643 est,
849 590 949 654 quam
968 571 1072 636 vellen

133 699 234 763 quam
247 675 405 741 homines
424 672 504 737 belli
518 671 642 753 [olent3
675 683 710 735 et
724 669 839 758 postea
860 671 997 759 prorsus
1022 675 1064 738 ab

35 852 39 862 ,
132 792 207 846 tuta
217 777 330 844 nostra
348 796 536 864 paucorum
549 773 682 837 dierum
697 771 940 839 consuetudine
961 771 1066 862 longe

132 885 193 970 git.
237 878 315 945 Abs
332 890 366 941 te
380 889 479 963 peto,
503 870 542 939 rit
555 871 639 937 mihi
653 871 720 939 hoc
735 874 909 962 ignoscas,
937 887 973 941 et
987 897 1043 940 me
1061 898 1072 939 ε

132 1002 207 1047 mes
224 980 433 1046 humanitate
450 975 516 1041 esse
531 971 753 1062 prohibitum,
768 997 821 1040 ,ne
838 988 959 1042 eontra
973 984 1072 1044 amici

132 1105 225 1149 mam
240 1080 522 1146 existimationem
538 1074 725 1140 miserrimo
741 1079 813 1141 eius
829 1089 984 1166 tempore
999 1085 1072 1145 veni

134 1204 241 1267 quum
256 1187 287 1246 is
304 1184 420 1245 omnia
443 1175 499 1243 sua
514 1176 636 1250 studia,
661 1189 694 1241 et
710 1175 821 1242 officia
840 1183 878 1243 in
894 1202 951 1244 me
966 1195 1072 1247 contu

134 1281 240 1372 Quod
261 1278 283 1344 fi
305 1279 400 1347 voles
425 1283 462 1343 in
483 1300 538 1342 me
556 1277 621 1343 esse
638 1277 779 1351 durior,
800 1280 1020 1347 ambitionem
1034 1305 1072 1371 pr

134 1380 221 1447 mihi
244 1378 414 1451 obstitisse.
463 1379 538 1468 Ego
560 1392 673 1446 autem
696 1382 861 1455 arbitror,
889 1387 989 1447 etiam
1011 1380 1033 1449 fi
1058 1389 1072 1448 i

43 1516 48 1521 ·
135 1481 222 1549 mihi
245 1481 490 1571 ignoscendum
511 1480 592 1547 esse:
626 1485 699 1551 drus*
714 1481 777 1567 οὐχ
797 1475 931 1570 Irpry‘t'ov,
963 1483 1072 1570 οόδέῥ

136 1585 244 1651 Vides
262 1589 373 1658 enim,
402 1589 438 1647 in
454 1606 521 1667 quo
537 1583 636 1649 cursu
651 1582 769 1655 fimus,
798 1595 833 1647 et
847 1603 947 1664 qnam
963 1606 1072 1651 omne:

135 1691 201 1751 tias
216 1706 287 1749 non
310 1683 415 1750 modo
436 1685 651 1759 retinendas,
680 1704 799 1751 venun
822 1688 926 1747 etiam
949 1691 1072 1769 acquir«

135 1799 309 1876 putemus.
354 1785 466 1875 Spero
484 1789 546 1851 tibi
568 1809 623 1853 me
642 1785 771 1852 causam
787 1783 956 1874 probasse3
987 1792 1072 1874 cupi«

136 1886 217 1951 dem
245 1898 349 1952 certe.

221 1987 455 2057 Hermathena
476 2003 533 2056 tua
554 1989 649 2056 valde
675 2012 731 2055 me
750 1988 916 2064 delectat,
942 2002 978 2055 et
996 1990 1072 2079 poti.

139 2088 226 2154 belle
245 2089 309 2165 est,
337 2104 377 2156 ut
394 2104 507 2158 totum
526 2088 733 2184 gymnasium
750 2090 841 2159 illius
863 2085 1018 2180 ἰνίθημι
1041 2092 1072 2159 el

139 2191 270 2258 deatur·
313 2192 465 2261 Multum
478 2206 513 2259 te
531 2210 693 2258 amamus.
855 2198 861 2209 '

522 2362 843 2391 muana-q„

128 2470 148 2495 '⁹
182 2476 303 2569 officio]
344 2492 385 2548 ite
408 2503 628 2573 cogarcontra
684 2488 781 2547 immo
797 2487 890 2547 etiam
905 2487 960 2569 qui
974 2504 1072 2567 pactu.

138 2562 279 2631 'officium
295 2568 437 2633 accusare
459 2575 499 2634 de
520 2595 577 2637 me
592 2594 629 2637 ο·
710 2576 843 2647 raemio,
854 2570 1006 2633 nesecum
1020 2595 1072 2659 ngr

137 2656 240 2736 ptime
261 2660 405 2719 meritum
422 2658 566 2724 Satrium.
717 2671 863 2738 trumque
888 2654 1000 2717 diserte
1027 2658 1072 2721 scr

183 2748 214 2797 et
229 2736 373 2824 tempora]
417 2764 483 2827 quo
499 2745 629 2827 quidem
687 2736 731 2803 est
746 2743 779 2801 in
792 2742 896 2802 edicto
912 2742 1068 2805 Praetoris

139 2837 288 2907 temporo
301 2826 431 2908 petendi
453 2828 628 2892 consulatus
685 2823 780 2887 verba
797 2825 999 2907 proferuntur
1015 2849 1034 2889 e
1051 2831 1072 2889 11

139 2928 251 2971 omnen
265 2910 340 2972 mihi
356 2912 553 2990 conciliandi,
561 2935 629 2975 non
683 2907 738 2972 lib.
753 2908 777 2973 L
793 2913 832 2972 D.
848 2912 886 2970 de
903 2913 972 2969 dolo
986 2917 1072 2975 malo.

131 2996 323 3067 ,retinendae
357 2990 476 3059 tentum
509 3003 629 3083 gratiae
677 2994 762 3073 saub.

139 3073 305 3141 sedetiam
322 3084 541 3165 acquirendae.
574 3078 629 3144 Ca·
730 3102 794 3141 επει
810 3103 866 3157 oux
883 3104 981 3165 ιερηιον
992 3081 1072 3158 citit

133 3162 217 3240 saub.
686 3162 962 3243 exflomerillied.
978 3171 1011 3246 ψ.
1030 3186 1072 3249 15!

184 3245 316 3305 homines
329 3246 415 3331 bella]
435 3252 455 3313 i.
470 3270 498 3313 e.
510 3271 628 3324 comet,
686 3271 744 3309 non
766 3250 935 3323 victimam,
957 3272 1048 3330 neque

140 3327 285 3404 humani,
315 3332 435 3399 urbani.
479 3337 530 3398 Sic
555 3339 630 3395 belle
686 3338 821 3394 bubulum
834 3347 931 3411 capto,
946 3333 975 3395 h.
987 3359 1013 3400 e.
1031 3360 1072 3421 qu

140 3419 257 3495 aliquid
278 3437 390 3495 negare
405 3416 463 3493 est,
490 3418 630 3483 humani·
687 3421 816 3505 quidem
837 3419 923 3482 haud
943 3421 1018 3485 levit
1037 3447 1072 3484 re

140 3517 200 3576 ter,
214 3521 281 3565 non
297 3502 417 3563 duriter
432 3525 558 3591 negare.
588 3508 629 3589 Q.
688 3522 747 3569 tur.

140 3586 239 3649 frater
261 3586 301 3647 de
324 3592 413 3669 petit.
439 3590 528 3657 Cous.
557 3596 631 3652 belle
731 3601 761 3666 4.
777 3587 1068 3665 illiuse'va'inttoeesse

141 3675 310 3752 negandum
336 3673 386 3747 est.
688 3672 754 3757 tur]
776 3675 1072 3761 Vulgotuttotrrmg

132 3828 136 3837 1
184 3761 396 3816 contraamici
408 3759 557 3833 summam
577 3781 628 3819 ex·
680 3758 759 3832 stum
783 3760 861 3834 ἥλιον
885 3761 1072 3839 duisme

142 3841 367 3927 fflimationem]
410 3844 535 3924 Nempe
556 3849 630 3926 quia
688 3850 804 3905 deutur.
850 3845 916 3906 Sed
942 3847 1018 3928 quid
1039 3845 1068 3910 h.

141 3929 269 3990 infamia
285 3932 494 4002 notabantur,
518 3930 631 4011 quide
687 3932 767 4004 ἡλίου
784 3929 921 4007 &udinem
938 3953 1072 3993 commo«

143 4014 221 4074 dolo
230 4013 315 4074 malo
323 4014 499 4103 fraudeque
511 4012 566 4072 suo
576 4034 631 4074 no-
687 4015 797 4099 plicari
805 4035 870 4077 non
877 4012 990 4095 potest.
1008 4017 1072 4100 Itaq

142 4103 227 4162 mine
253 4096 356 4163 fuiffet
385 4100 631 4175 condemnatus,
689 4102 752 4159 eius
776 4100 931 4180 ἐπίθημα,
961 4101 1065 4183 quod'
