2580 4792
458 315 740 385 EPISTOLA
796 307 937 382 XLV<

157 285 159 289 y
175 332 237 401 '¹5⁰

155 510 158 515 '
178 517 216 570 to
232 511 425 593 imperium,
446 527 517 569 non
540 503 738 570 fimultatern
753 525 864 568 meam
879 504 1029 568 revereri
1039 502 1210 570 'saltem?”

177 629 259 679 nec,
280 607 358 690 quid
375 606 512 679 faciani,
535 605 617 669 scio:
640 627 747 688 neque
763 616 895 669 tanturn
912 605 959 668 est
976 611 1010 672 in
1029 629 1084 681 re,
1107 630 1210 691 quan·

93 749 96 756 -
178 719 235 772 tus
254 707 299 772 est
316 706 435 771 sermo.
465 707 539 794 Ego
555 719 666 771 autern
683 727 725 770 ne
742 705 838 770 irasci
854 705 984 793 possum
1001 709 1139 790 quitlenr
1154 715 1209 783 iis,

181 829 267 890 quos
295 807 391 874 valde
418 829 512 889 atn03
542 820 673 871 tanturn
691 805 811 879 dolen,
834 827 872 870 ao
895 804 1035 871 mirifice
1060 811 1208 892 quidem.

181 904 488 998 Ceterainntagnis
500 910 616 981 rebus,
637 913 746 972 minae
757 907 880 980 Clodii,
896 915 1211 994 contentionesque,

181 1033 264 1099 quae
281 1011 364 1077 milti
378 1024 629 1100 proponuntur,
651 1010 784 1074 modice
804 1033 859 1074 me
874 1021 1030 1098 tangunt.
1074 1012 1210 1076 Etenim

179 1113 234 1178 vel
255 1113 364 1180 subire
380 1137 436 1178 eas
456 1114 572 1179 videor
598 1109 682 1178 mihi
701 1110 827 1179 summa
850 1135 928 1178 cunt
951 1113 1133 1200 dignitate,
1157 1114 1210 1179 vel

181 1213 352 1280 declinare
384 1214 475 1280 nulla
500 1236 580 1278 oum
610 1212 761 1278 molestia
785 1212 888 1302 posse.
943 1212 1048 1299 Dices
1072 1214 1210 1281 fortasse

182 1315 355 1403 dignitatis
378 1308 467 1394 latu,
501 1328 675 1405 ⁴{amquam
696 1306 800 1400 lpoo‘rt
838 1312 950 1403 saluti,
987 1311 1083 1378 finte
1105 1337 1209 1390 amaa,

182 1416 328 1483 consule.
369 1417 428 1482 Me
447 1410 620 1484 miserum!
650 1436 712 1478 cur
728 1436 798 1479 non
818 1412 920 1479 ades?
943 1412 1027 1479 nihil
1048 1428 1082 1478 te
1101 1417 1211 1502 profe-

184 1530 240 1586 cto
256 1523 479 1604 praeteriret3
503 1540 566 1605 ego
587 1515 724 1583 fortasse
746 1510 938 1598 τυφλώττω,
961 1530 996 1583 et
1011 1522 1151 1581 nimium
1169 1522 1212 1605 τῷ

183 1624 270 1707 καλῷ
291 1621 526 1708 aeternalia.
571 1618 669 1687 Scito
687 1617 771 1683 nihil
784 1641 942 1702 utnquanr
960 1617 1057 1692 fuil'se
1074 1630 1141 1682 tarn
1164 1627 1212 1684 in-

182 1721 293 1796 fante,
313 1735 383 1787 tarn
398 1730 518 1806 turpe',
549 1732 618 1786 tant
637 1740 803 1808 peraeque
827 1719 983 1784 omnibus
1010 1723 1211 1807 generibuS,

183 1823 380 1900 ordinibus,
412 1821 576 1887 aetatibus
600 1819 788 1893 offensum,
824 1843 922 1904 quatu
956 1818 1046 1884 ltuuc
1072 1821 1212 1923 starum,

185 1929 242 2007 qui
263 1948 352 1988 nuno
379 1923 440 1987 alt:
483 1928 588 2010 magis
613 1919 825 1994 mehercule,
856 1943 956 2003 quant
977 1919 1212 1996 vellent,'nou

184 2025 288 2087 modo
306 2045 404 2107 quarn
418 2035 581 2114 putarant.
624 2022 809 2110 Populares
826 2019 877 2086 isti
890 2028 956 2091 iant
978 2027 1079 2086 etiarn
1099 2020 1214 2090 inotle·

567 2231 835 2246 W

178 2373 309 2460 saltem]
353 2373 460 2436 Verba
479 2373 547 2435 sunt
563 2375 671 2433 Demi·

143 2489 145 2493 ’
184 2461 299 2542 phonia
349 2461 433 2542 apud
489 2462 671 2522 Terentium

185 2546 361 2618 Phoraua,
384 2545 427 2604 t.'
504 2556 507 2560 '

228 2626 562 2710 necmettmt'mpert'um]
586 2628 671 2688 Haec

185 2733 252 2779 non
281 2719 412 2775 Statium
443 2714 597 2794 spectant,
636 2728 671 2772 ut

185 2795 672 2884 Malaspinuputebat,sediplttm

187 2886 330 2959 fratrem,
363 2889 411 2944 eui
441 2889 533 2944 totiet
560 2885 671 2942 Cicero

183 2969 400 3044 mandaverat,
414 2989 454 3029 ne
467 2972 596 3028 Statium
608 2989 672 3028 ma-

187 3061 376 3115 numiueret.
426 3055 488 3113 Sed
509 3051 532 3112 fi
554 3053 672 3113 utillum

187 3139 220 3199 in
246 3136 275 3198 se
302 3141 465 3218 imperium
494 3135 553 3198 effe
578 3140 674 3198 irater

158 3219 163 3231 ⁴
187 3221 340 3303 putallet,
369 3239 471 3282 tamen
492 3220 674 3282 limultatem

188 3327 289 3368 ineam
349 3303 498 3366 debuillet
564 3312 674 3380 vereri,

189 3413 286 3474 quutn
308 3393 396 3452 facila
416 3389 563 3470 potuiss'et
591 3397 673 3475 cogi·

189 3493 268 3549 tate,
287 3498 337 3536 tue
356 3478 387 3535 id
403 3483 573 3557 aegerrime
592 3478 671 3536 latu·

187 3583 269 3633 ntur,
293 3563 380 3642 quod
393 3582 434 3621 ne
449 3563 564 3622 luceret
580 3567 671 3622 toties

187 3668 336 3729 rogarant
371 3661 403 3707 et
440 3667 672 3727 praeceperam.

193 3729 303 3794 Graan.

233 3826 354 3894 qttautus
382 3818 422 3891 est
441 3815 563 3900 serino]
616 3813 673 3875 lto·

188 3904 305 3962 minum
320 3900 360 3958 de
371 3900 427 3961 bac
440 3897 674 3964 manutniffiono

190 3983 280 4048 corr.
320 3985 366 4045 Cf.
385 4007 433 4064 ep.
450 4002 498 4057 52.

231 4067 293 4142 ἅλις
313 4105 356 4119 -
382 4069 483 4155 δρυός]
541 4071 672 4132 Prover-

725 2371 811 2435 biuttt
834 2370 876 2435 est
903 2367 963 2442 ἅλις
986 2372 1065 2458 δρυός
1089 2380 1130 2441 de
1151 2388 1213 2463 pri·

726 2457 779 2518 scis
803 2458 861 2518 illia
882 2459 1008 2542 glandes
1032 2465 1214 2550 negligenti·

725 2541 784 2604 bus
816 2540 887 2623 post
921 2549 1058 2607 inventas
1097 2552 1213 2636 fruges,

728 2649 823 2709 quum
834 2626 900 2688 latis
917 2629 990 2688 olirn
1003 2631 1102 2692 cibum
1120 2635 1147 2696 se
1161 2661 1216 2717 pe-

727 2711 803 2776 tit'lle
825 2734 840 2772 a
866 2715 1040 2794 quercubus
1066 2720 1215 2785 dicerent.

729 2795 849 2856 Manttt.

770 2883 924 2958 τυφλώττω
937 2921 977 2934 --
994 2894 1214 2979 προςπὲπονθα]

729 2969 792 3027 Sed
834 2989 894 3050 ego
936 2969 1062 3032 fortaffe
1103 2998 1214 3041 caecus

729 3054 812 3123 sunt,
839 3051 947 3113 arsum
968 3061 1056 3117 nimis
1074 3057 1216 3126 honesta·

731 3143 754 3197 ti
778 3139 917 3206 deditus,
948 3155 982 3200 ut
1006 3138 1092 3204 saluti
1112 3154 1214 3210 minus

731 3222 898 3283 consulam.
923 3219 1009 3288 Corr.

773 3329 862 3387 quom
891 3312 1014 3382 uellem,
1048 3332 1104 3370 non
1126 3320 1214 3374 modo

731 3412 821 3473 qttatn
846 3393 1006 3479 pictarum]
1058 3394 1215 3460 offensior

731 3476 773 3536 est
786 3477 837 3536 illa
854 3476 946 3539 status
962 3484 1037 3561 raip.
1054 3482 1137 3559 apud
1156 3505 1217 3562 po·

728 3562 856 3642 pulum,
892 3583 956 3623 non
990 3565 1088 3625 modo
1118 3588 1214 3648 qttaru

728 3662 890 3726 putaram,
925 3646 977 3708 sed
1004 3654 1097 3711 etiam
1121 3674 1216 3732 quant

729 3731 839 3790 vellem
866 3750 998 3816 propter
1028 3735 1215 3814 Pompeium

730 3821 814 3876 cuius
830 3836 880 3875 me
899 3819 1045 3878 fortunae
1061 3828 1213 3900 poenitet.

730 3902 823 3960 Nulla
846 3906 939 3982 igitur
954 3901 1003 3962 bic
1025 3901 1068 3969 est
1084 3911 1215 3987 εἰρωνεία,

729 4001 764 4046 ut
782 3987 939 4047 Corradus
957 3989 1155 4067 opinabatur.

769 4076 927 4148 populares
954 4070 1027 4155 isti]
1091 4077 1216 4156 Caesar,
