2506 4808
165 332 208 397 80
347 413 348 417 Ν
445 313 730 385 urrsronn
786 315 896 389 cvr.

164 500 285 591 prius?
317 504 476 589 Urgebar
499 504 539 567 ab
564 525 624 577 co,
648 504 689 568 ad
712 527 810 588 quem
834 503 922 580 mili,
944 522 980 572 et
1003 530 1079 574 nou
1103 507 1207 577 habe·

165 608 245 670 bam
260 605 443 690 exemplar.
502 601 616 693 Quid?
650 612 750 670 etiam
771 608 920 690 (dudum
947 615 1040 674 enim
1059 614 1207 677 circurn-

164 708 268 785 rod0,
286 708 377 790 qums
399 705 633 770 devorandum
657 705 726 791 est)
750 708 975 796 subturpicula
998 711 1087 779 mihi
1112 716 1206 781 vide·

164 814 265 875 batur
286 807 351 873 esse
372 808 552 894 παλινῳδία.
599 807 671 873 Seu
685 808 817 875 valeant
839 824 950 885 recta,
973 834 1076 887 vera,
1097 811 1205 881 hone·

164 912 212 985 sta
235 907 377 974 consilia.
434 906 513 971 Non
538 906 584 970 cst
605 908 784 985 credibile,
818 911 967 996 quaesit
989 911 1141 1000 perfidia
1167 921 1204 981 in

162 1012 232 1079 iltis
254 1012 483 1100 principibuS,
504 1021 541 1070 nt
562 1007 680 1073 volunt
703 1008 785 1084 esse,
806 1025 840 1076 et
860 1025 898 1077 ut
923 1011 1045 1086 essent,
1067 1013 1090 1077 fi
1109 1023 1204 1099 quic·

163 1136 263 1200 quam
288 1108 454 1175 haberent
483 1106 571 1173 fidei.
616 1108 813 1186 Senseram,
842 1134 977 1187 noram,
1012 1113 1202 1192 inductus,

162 1216 322 1287 relictus,
343 1219 518 1301 proiectus
542 1215 581 1275 ab
607 1217 667 1294 iis;
690 1225 802 1276 tamen
824 1211 889 1277 hoc
913 1226 984 1278 erat
1006 1219 1043 1278 in
1065 1221 1200 1301 animo,

161 1329 201 1382 ut
223 1338 301 1380 cum
322 1319 363 1377 iis
388 1318 424 1376 in
446 1333 484 1374 rc
508 1311 641 1398 publiea
666 1312 900 1379 consentirem.
943 1316 1051 1379 Iidem
1081 1330 1199 1392 eraut,

164 1423 221 1501 qui
254 1417 404 1481 fuerunt.
473 1412 542 1476 Vix
571 1413 764 1497 aliquando,
803 1426 838 1479 te
868 1427 1026 1490 auctore,
1058 1414 1198 1506 resipui.

161 1519 268 1584 Dices
294 1538 331 1581 en
359 1528 392 1578 te
416 1511 595 1588 monuisse,
635 1513 775 1588 sursise,
811 1537 896 1600 quae
921 1507 1107 1593 facerem,¹
1125 1543 1199 1586 non

164 1625 282 1692 etiam,
311 1631 350 1683 ut
371 1616 563 1680 scriberem.
603 1615 677 1702 Ego
704 1614 899 1682 mehercule
920 1616 1005 1686 mihi
1024 1619 1199 1688 necesfita·

160 1895 294 1954 fueritne
308 1894 428 1956 oratio,
453 1909 491 1949 un
507 1884 646 1968 epistola,
702 1887 839 1971 legeret,
861 1904 892 1949 et
913 1888 1028 1954 lectum
1051 1897 1093 1958 ad
1113 1899 1195 1963 Cne-

161 1978 292 2038 unalind
308 1976 468 2057 quoddam
486 1974 525 2032 de
539 1995 574 2032 re
589 1994 645 2053 pn·
702 1975 797 2033 sarem
812 1979 959 2037 mitteret.

160 2062 240 2125 blica
254 2061 407 2141 scriptum.
428 2055 545 2118 Ernesti
560 2079 645 2118 ucce-
726 2085 728 2089 ·
743 2055 920 2145 παλινωδὶα]
941 2067 1123 2126 retractatio
1136 2087 1193 2129 eo·

158 2149 255 2227 pitde
271 2146 363 2217 libro,
381 2165 475 2225 quem
485 2144 524 2202 dc
538 2141 646 2202 consu·
701 2165 768 2203 rum
778 2187 786 2214 ‚
812 2165 892 2223 quoe
913 2166 1014 2225 nuper
1027 2147 1069 2206 de
1081 2170 1116 2209 re
1132 2173 1202 2230 pu·-

157 2230 286 2292 latusuo
298 2228 463 2310 scripserat.
488 2231 605 2288 Verum
620 2232 646 2289 is
700 2228 780 2287 blico
820 2228 995 2302 senseram,
1050 2234 1192 2298 Caesaris

156 2321 370 2398 iumqnutnor
386 2319 556 2373 annitente
579 2312 644 2373 scri-
701 2310 824 2372 confilia
846 2317 1071 2397 oppugnando.
1094 2320 1193 2383 Aliud

159 2418 232 2483 ptus
247 2421 320 2462 emt.
342 2400 423 2461 111υά
437 2413 577 2477 apparet,
595 2399 645 2457 Ci·
701 2403 763 2478 egit
780 2397 913 2472 Ernesti,
938 2420 1033 2479 quum
1055 2399 1087 2465 h.
1102 2404 1124 2467 1.
1150 2408 1192 2468 de

158 2508 304 2550 ceronem
325 2491 357 2544 in
374 2506 413 2543 eo
429 2484 509 2543 libro
526 2503 561 2541 eu
577 2481 645 2542 scri·
700 2489 918 2544 retractatione
936 2483 1080 2558 landum,
1109 2510 1193 2569 qum

157 2570 253 2652 psile,
276 2592 311 2629 ex
331 2568 441 2648 quibus
459 2567 644 2650 intelligere·
700 2568 839 2644 tribuerit
849 2567 970 2628 Caesari
981 2571 1190 2655 etPotnpeio,

157 2674 225 2728 tur,
263 2655 395 2715 senune
417 2652 550 2712 Caesaris
575 2667 644 2712 ectu
700 2654 912 2730 accipiendum
930 2661 1059 2733 putavit.

155 2741 310 2818 probare,
335 2757 416 2818 quae
433 2737 507 2796 olim
526 2741 644 2817 impro·
736 2740 772 2804 ,in
793 2739 853 2810 istis
873 2739 1074 2824 principibus]
1103 2745 1190 2810 Prin.

154 2823 261 2897 bellet,
278 2823 358 2882 hanc
371 2827 643 2882 enimnooamcou·
699 2828 781 2901 cipes
799 2821 827 2882 h.
844 2821 863 2881 l.
886 2840 977 2884 vocnt
992 2845 1059 2886 non
1077 2829 1190 2894 Caesa·

156 2906 656 2988 iunctiouemappellenidemque⁸
697 2927 763 2966 rem
787 2923 818 2966 et
840 2907 1042 2987 Pompeium,
1075 2916 1188 2977 ntE1.

153 2993 337 3074 perspicitur
360 3013 395 3051 ex
418 2991 512 3074 longa
533 2993 584 3052 ille
599 2991 641 3053 ud
696 2990 772 3051 nelli
788 2992 990 3071 opinabatur,
1009 2992 1062 3054 sed
1077 3004 1187 3076 potins

154 3079 319 3138 Lentulum
335 3073 462 3156 epistole
476 3078 606 3155 (udDiv.
616 3075 640 3139 1.
698 3096 807 3136 eorum
825 3076 1030 3151 adversarios,
1050 3088 1189 3148 maxime

155 3184 186 3243 9.
203 3162 327 3224 nostrae
341 3161 490 3222 editionis·
504 3165 582 3243 139.)
607 3164 640 3221 iu
695 3159 856 3232 Bibulum,
876 3162 1047 3237 Catonem,
1075 3167 1188 3231 Domi.

153 3269 216 3329 qua
239 3263 386 3308 mutatam
409 3248 449 3306 de
466 3245 641 3327 republica
696 3248 789 3318 tium,
812 3246 991 3307 Curionem.

153 3330 349 3395 consiliorum
369 3338 523 3394 rationem
549 3350 640 3392 excu·
739 3340 770 3388 ut
797 3334 899 3388 volunt
928 3332 1005 3415 effe]
1042 3335 1188 3400 Nature

154 3416 208 3478 sot.
696 3433 768 3475 veru
786 3433 852 3476 nou
881 3414 963 3486 sunt,
1008 3423 1082 3497 quin
1105 3420 1187 3487 nihil

195 3504 320 3580 urgebar
351 3503 385 3558 ab
414 3523 447 3558 eo
478 3502 518 3558 ad
550 3517 639 3579 quem
694 3496 837 3578 possunt,
857 3517 892 3561 ut
914 3522 988 3561 mox
1011 3509 1064 3565 uit.
1108 3503 1185 3568 Ma.

150 3586 237 3670 misi]
260 3589 292 3645 Si
307 3586 385 3646 liber
402 3587 454 3645 ille
471 3586 511 3644 ad
529 3581 640 3644 Caesu-
694 3594 757 3642 uut.

148 3677 191 3733 ris
214 3668 400 3752 potissimum
420 3671 528 3730 laudes
544 3671 639 3747 perti·
727 3668 930 3748 siquicquam
946 3667 1185 3761 laberentfidei]

148 3763 232 3829 unit,
256 3762 302 3817 vix
316 3756 502 3817 crediderim
516 3751 636 3814 eumab
692 3752 780 3814 Fidei
798 3751 873 3811 nihil
903 3751 1034 3826 babent,
1083 3779 1185 3838 quum

147 3837 637 3920 ipsoCaesureefflogitutumsuis·
693 3837 849 3918 publicum
868 3835 993 3897 caulam
1010 3839 1184 3909 desenden.

147 3927 187 3988 sc.
213 3923 349 3987 Fortasse
362 3929 454 4006 igitur
467 3924 636 4002 Pompeius
693 3938 758 3996 tes,
780 3943 831 3980 me
854 3920 969 3982 socium
993 3923 1183 3993 defensionis

146 4015 171 4071 ir
187 4016 261 4084 luit,
285 4015 338 4091 qui
348 4011 533 4069 Ciceronem
545 4028 635 4090 urge·
692 4027 758 4069 non
780 4021 921 4076 tuentur,
946 4006 1000 4069 ubi
1024 4030 1042 4069 u
1065 4031 1183 4089 poten.

146 4112 210 4175 ret;
233 4113 267 4158 ur
282 4112 314 4157 et
333 4091 399 4176 ipse
417 4090 500 4155 bunc
520 4092 636 4157 tibrum
691 4092 773 4155 tibus
795 4111 972 4176 oppugnet.
1014 4090 1141 4176 Manut.¹

63 4336 155 4520 N.
