2506 4808
375 267 661 355 ERISTOLA
700 269 855 365 xxix.
934 326 937 333 .
1062 298 1131 368 &st-

98 456 103 533 ?
133 475 414 559 mtprorogatam,
450 461 552 528 Nunc
569 484 652 529 vero
674 481 713 528 ea
728 482 808 552 pars
827 466 890 531 tibi
905 470 1128 558 reipublicae

133 567 269 639 comtissa
283 567 347 642 est,
366 574 402 632 in
418 586 484 649 qua
498 576 556 630 aut
576 563 720 640 nullam,
744 579 802 632 aut
817 574 1038 657 perexiguam
1051 593 1128 659 par*

96 698 99 703 ·
130 685 181 741 ten
195 671 329 737 fortuna
348 680 461 740 tenet,
487 677 522 729 et
545 686 628 749 quae
649 663 735 730 mihi
758 678 831 732 tota
846 674 884 734 iu
902 683 961 736 tua
982 678 1126 748 virtute,

125 774 382 843 moderatione
396 772 498 833 animi
517 764 621 853 polita
639 765 703 831 esse
719 766 881 836 videatur.
923 770 1043 838 Nrdlas
1066 777 1125 856 (ut
1186 746 1191 763 ⁴

120 879 235 966 opinor)
260 869 396 939 infidias
426 866 591 941 hostium,
632 866 760 933 nutam
792 872 914 960 praelii
936 871 1125 939 dimicatio·

119 1000 194 1052 nm,
219 974 349 1042 nullam
370 973 597 1038 desectionem
611 967 799 1044 sociorum,
820 972 950 1039 nullam
971 979 1123 1062 inopiam

117 1076 265 1167 iipendii‚
284 1087 342 1142 aut
362 1079 415 1138 rei
436 1074 692 1144 frumentariae,
709 1070 838 1137 nullam
851 1071 1052 1139 seditionem
1065 1095 1124 1139 ex·

117 1184 217 1249 treims
241 1174 532 1265 pertimescimus:
578 1192 662 1254 quae
689 1170 848 1269 persaepe
874 1171 1121 1264 sapientiffimio

114 1279 404 1353 intercederent,
424 1289 464 1343 ut
478 1272 763 1360 quemadmodum
779 1277 1026 1362 gubernatores
1035 1283 1122 1365 opti.

114 1386 214 1453 irim
235 1377 468 1468 tempestatis,
487 1373 529 1441 fic
548 1375 597 1442 illi
612 1376 768 1443 fortunae
783 1380 952 1464 impeturn
962 1376 1122 1466 superare

112 1504 161 1551 m
177 1481 326 1572 possent,
367 1477 451 1545 Tibi
468 1480 546 1544 data
569 1477 617 1543 est
633 1477 759 1542 summa
778 1499 864 1567 pax,
884 1476 1012 1551 summa
1028 1491 1122 1543 trau⁴

113 1583 252 1667 mutas:
271 1587 324 1647 ita
342 1594 474 1654 tamen,
495 1592 534 1645 ut
554 1599 593 1643 ea
606 1579 836 1645 dormientem
851 1584 1121 1669 gubernatorem

112 1683 148 1753 tel
161 1687 329 1758 obruere,
349 1682 545 1771 vigilantem
568 1685 667 1745 etiam
683 1681 853 1749 delectare
873 1680 984 1772 possit.
1030 1681 1120 1748 Con·

111 1780 153 1851 stt
164 1791 259 1852 enim
273 1806 314 1849 ea
327 1788 501 1873 provincia
512 1789 659 1870 primum
676 1806 719 1848 ex
735 1807 776 1849 eo
791 1807 916 1873 genere
935 1783 1120 1859 sociorum,

109 1886 177 1969 mod
204 1884 257 1952 est
286 1907 332 1950 ex
357 1881 534 1949 hominum
562 1890 655 1949 omni
679 1908 806 1973 genere
832 1882 1120 1952 humanissimum:

106 1984 209 2055 sdude
232 2008 281 2053 ex
299 2008 341 2051 eo
361 2006 485 2074 genere
507 1989 648 2059 civium,
676 1992 731 2070 qui
753 1999 812 2051 aut
833 1986 925 2072 quod
947 1984 1122 2073 publicani

104 2084 178 2164 lant,
206 2108 275 2155 nos
299 2084 428 2151 summa
453 2084 693 2153 necessitudine
722 2093 912 2176 attingunt:
948 2100 1007 2152 aut
1026 2085 1121 2172 qnod

99 2188 136 2259 lta
152 2193 393 2278 negotiantur,
424 2199 462 2252 ut
481 2186 669 2274 locupletes
689 2187 770 2264 sint,
797 2189 902 2256 nostri
929 2185 1121 2254 consulatus

87 2284 259 2359 -ieneficio
282 2286 315 2352 le
344 2287 534 2353 incolumes
565 2288 718 2356 fortunas
748 2289 874 2357 habere
903 2292 1121 2356 arbitrantur.

93 2388 136 2459 At
149 2399 245 2461 enim
261 2395 353 2455 inter
366 2387 430 2455 hos
446 2389 535 2479 ipsos
552 2389 711 2457 exsistunt
726 2415 846 2483 graves
859 2385 1120 2460 controversiae,

93 2495 213 2567 nrdtae
233 2490 418 2565 nascuntur
437 2497 599 2570 iniuriae,
615 2496 1021 2583 magnae,>,contentiones
1039 2509 1121 2555 con·

468 2711 739 2733 h-——m-u-t-t

128 2859 177 2917 uel
219 2851 372 2937 obruere]
422 2850 577 2914 Ernestiut
668 2853 787 2928 summa
825 2846 1031 2925 necessitudine
1067 2843 1122 2900 'ot-

90 2941 274 3019 particulam
296 2943 344 3001 vel
372 2937 403 2999 h.
421 2937 447 3001 l.
482 2939 577 3019 plane
634 2936 775 3022 tingunt]
818 2955 885 2997 non
912 2931 1013 2993 solum
1047 2930 1123 3009 quia

92 3026 241 3099 alienam,
276 3047 312 3087 ac
331 3023 496 3084 delendam
519 3046 578 3104 pu·
632 3014 791 3107 publicani
815 3022 934 3101 equites
959 3027 1063 3085 erent,
1090 3025 1123 3073 et

91 3112 185 3173 nbat.
230 3109 329 3172 Falso.
353 3110 578 3185 Nemvelnon
634 3130 672 3168 ex
709 3103 841 3189 equestri
874 3100 992 3165 familia
1031 3112 1124 3159 natus

93 3191 433 3266 tstdisinnctivnm,sed
449 3197 579 3273 ponitur
635 3208 702 3275 erat
738 3191 876 3261 Cicero,
904 3264 907 3269 Ι
931 3184 987 3248 sed
1029 3186 1125 3243 etiem

92 3294 150 3357 pro
172 3285 265 3340 etiam
286 3280 335 3340 vel
349 3281 442 3350 adeo,
462 3293 498 3337 ut
514 3276 579 3337 see·
635 3281 709 3358 quia
757 3275 901 3337 ordinem
950 3265 1125 3352 equestrem

93 3379 149 3443 pe,
166 3387 198 3447 q.
216 3365 247 3426 d.
266 3384 349 3445 quae
371 3365 578 3423 dormientem
635 3360 756 3441 semper
784 3357 985 3428 defenderat,
1028 3368 1126 3435 atque

94 3450 334 3530 gubernatorem
367 3468 434 3510 non
459 3462 579 3507 tentum
636 3460 802 3508 amaverat.
841 3439 963 3501 Manat.

95 3536 224 3609 turbaret
243 3533 299 3597 teo
311 3537 421 3605 ,ettam
445 3530 581 3592 obruere
678 3532 771 3606 nostri
787 3530 950 3605 consulatus
964 3514 1126 3600 beneficio]

95 3617 194 3699 poffii.
570 3666 574 3673 .
637 3619 712 3697 quie
725 3611 780 3676 nili
796 3634 857 3697 ego
877 3609 1128 3673 coniurationem

127 3703 296 3786 sociorum]
309 3707 330 3766 i.
345 3722 370 3764 e
386 3703 580 3763 Graecorum
638 3699 792 3761 Catilinae
825 3694 933 3760 consul
964 3682 1129 3771 oppressis-

95 3786 331 3865 ‚s'Asianorunn
636 3783 721 3858 sem,
757 3788 891 3865 impetur
921 3782 956 3839 in
987 3775 1129 3835 omnium

132 3873 267 3957 civium]
309 3889 427 3949 nempe
465 3868 583 3929 Roma·
638 3869 782 3933 fortunat
807 3862 883 3930 esset
903 3866 1013 3928 sactus,
1055 3847 1129 3916 Μα-

92 3977 204 4022 norum
243 3960 300 4040 qui
333 3971 387 4015 aut
424 3953 584 4033 publicani
641 3964 704 4027 adt,

88 4061 197 4123 etant,
223 4059 278 4105 aut
298 4043 535 4127 negotiatores„
570 4093 573 4097 .
