2506 4808
352 283 635 353 errsroun
687 288 842 358 xc111.
1068 310 1112 381 59

78 478 129 543 Eo
151 475 206 541 die
227 495 290 540 nos
315 496 448 558 quoque
468 473 575 538 multa
593 476 697 539 verba
717 476 875 543 fecimus:
894 482 1109 562 maximeque

79 577 135 645 vifi
158 576 271 642 sumus
298 576 448 641 senatum
473 583 795 641 commemoratione
823 593 900 643 tuae
922 581 1105 647 voluntatis

78 703 157 767 erga
176 680 273 745 illum
293 679 451 743 ordinem
469 700 695 744 commovere.
738 679 855 763 Itaque
869 680 1028 768 postridie
1041 683 1108 770 pla·

78 789 168 855 cuit,
211 793 250 844 ut
272 777 622 847 brevitersententias
650 779 852 846 diceremus.
917 781 1106 849 Videbatur

76 890 168 948 enim
191 879 410 946 reconciliata
431 882 531 943 nobis
554 879 711 946 voluntas
739 882 804 946 esse
825 881 978 949 senatus:
1014 885 1106 968 quod

77 1008 181 1068 quum
196 982 358 1056 dicendo,
388 995 462 1045 tum
480 978 616 1068 siugulis
632 981 857 1068 appellandis,
877 984 1105 1071 rogandisque

73 1084 321 1173 perspexeram.
386 1082 502 1164 Itaque
532 1105 636 1166 quum
668 1082 832 1149 sententia
857 1090 966 1172 prima
992 1085 1105 1152 Bibuli

73 1194 293 1274 pronuntiata
315 1184 413 1259 esset,
454 1196 492 1249 ut
519 1196 589 1248 tres
614 1184 718 1274 legati
740 1207 857 1272 regem
881 1186 1103 1281 reducerent3

74 1289 218 1353 secunda
232 1285 419 1359 Hortenfii,
443 1298 482 1351 ut
502 1299 541 1350 tu
562 1282 628 1349 fine
647 1294 800 1352 exercitu
814 1285 1016 1372 reduceres3
1038 1302 1105 1355 ter-

76 1396 122 1454 tia
143 1389 308 1461 Vulcatii,
333 1400 370 1450 ut
391 1385 568 1474 Pompeius
591 1387 785 1452 reduceret:
809 1386 1014 1474 postulatum
1039 1389 1104 1465 est,

61 1504 112 1556 ut
128 1488 238 1554 Bibuli
262 1486 426 1552 sententia
448 1488 667 1554 divideretur.
712 1489 887 1580 Quatenus
909 1490 951 1554 de
969 1490 1116 1579 religio«.

71 1614 117 1658 ne
135 1592 288 1662 dicebat,
307 1595 361 1654 cui
382 1595 431 1653 rei
451 1593 516 1651 iam
536 1587 645 1654 obsisti
659 1615 729 1657 non
745 1603 896 1679 poterat,
918 1588 1039 1657 Bibulo
1058 1591 1104 1659 as·

72 1691 201 1758 sensum
222 1689 282 1754 est:
321 1691 363 1752 de
388 1690 499 1753 tribus
527 1688 673 1776 legatis,
704 1695 902 1777 frequentes
931 1696 1046 1757 ierunt
1064 1698 1103 1763 in

73 1793 135 1857 alia
155 1797 279 1856 omnia.
322 1789 480 1854 Proxima
503 1804 575 1853 erat
594 1791 764 1858 Hortensii
789 1793 970 1866 sententia,
997 1815 1101 1879 quum

72 1893 209 1982 Lupus·‚
227 1895 384 1956 tribunus
407 1890 537 1979 plebis,
560 1893 651 1976 quod
675 1893 744 1983 ipse
768 1892 811 1958 de
831 1891 993 1981 Pompeio
1011 1905 1102 1963 retu·

449 2133 718 2155 —n-——n—-q

112 2290 212 2365 prima
230 2282 327 2345 Bibuli
344 2285 559 2367 pronuntiata]
615 2284 721 2369 pressit
756 2283 803 2348 hit
824 2282 960 2353 'verbisz
1003 2285 1104 2368 Quum

69 2370 239 2457 Pollquem
256 2373 455 2432 sententiaee
474 2370 559 2432 sena·
614 2375 720 2448 uliquis
750 2375 780 2432 in
804 2372 928 2429 dicendo
954 2371 1105 2446 sententia

70 2457 192 2519 toribus
214 2460 315 2518 dictae
342 2453 454 2529 essent,
485 2476 558 2519 con·
615 2461 688 2515 duas
708 2460 845 2532 pluresve
866 2477 912 2516 res
934 2458 1104 2531 complecti-

69 2539 148 2603 sulec
170 2564 222 2604 ees
245 2543 377 2602 breviter
398 2562 559 2605 enumere—
615 2553 681 2615 tur,
711 2563 760 2600 eas
786 2543 893 2618 sinon
914 2560 1013 2599 ornnes
1032 2560 1105 2616 pro·

69 2626 163 2700 bem,
182 2644 214 2688 et
233 2648 368 2708 quorum
391 2625 559 2686 sententiae
614 2630 738 2701 bantur,
757 2629 939 2703 postulatur,
971 2636 1005 2683 ut
1026 2627 1105 2687 divi·

68 2719 189 2792 primae
205 2711 504 2790 pronuntiebantur‚
525 2709 558 2770 lii
615 2717 723 2784 datur,
743 2713 763 2772 i.
777 2733 804 2772 e.
822 2714 861 2769 de
872 2713 1002 2789 singulis
1020 2713 1104 2770 rebus

70 2814 158 2856 erent
171 2798 245 2856 ideo
260 2796 559 2856 conditionemelio·
614 2795 775 2866 referatur.
817 2796 859 2855 Et
871 2816 968 2877 quum
982 2793 1106 2857 subiun-

65 2903 113 2955 re‚
132 2897 166 2941 ut
179 2887 239 2940 iem
249 2884 408 2942 Manutius
424 2884 557 2951 monuit,
614 2888 673 2964 git:
697 2883 785 2939 multi
799 2882 935 2959 sedentes
948 2883 1002 2938 ltoc
1016 2900 1106 2938 unum

70 2971 161 3046 quia,
203 2964 226 3025 fi
256 2967 361 3046 plures
388 2970 420 3029 in
446 2986 555 3024 eorum
613 2969 732 3025 verbum
748 2970 960 3042 pronuntiant:
983 2968 1105 3035 divium

68 3049 249 3110 sententiam
268 3056 440 3121 transirent,
462 3049 557 3110 siebot
615 3050 766 3124 ostendit,
795 3056 844 3112 ius
870 3048 1048 3131 postulandi
1069 3065 1107 3111 ut

67 3133 189 3199 senatur
222 3135 411 3204 consultum,
451 3156 557 3214 neque
614 3137 763 3197 sententie
795 3135 1002 3208 divideretur,
1036 3153 1105 3197 neu

68 3220 263 3301 reliquorum
290 3220 442 3280 sententiis
468 3219 557 3280 locus
615 3219 790 3280 consulibus
803 3235 934 3289 tentum,
952 3218 1003 3280 sed
1020 3217 1105 3291 sene·

69 3321 146 3366 eret,
615 3305 735 3368 toribus
750 3309 843 3364 etiem
857 3301 953 3367 luisse.
983 3299 1105 3369 Manat.

111 3389 317 3471 diuideretur]
341 3391 413 3468 quia
433 3387 473 3446 de
487 3387 557 3448 reli·
656 3394 703 3450 cui
725 3389 792 3472 rei]
813 3391 863 3448 Sic
882 3390 1106 3472 Marmei-Lu·

68 3478 165 3552 gione
193 3491 223 3533 et
251 3476 291 3534 de
322 3472 419 3532 tribus
447 3472 557 3556 legetis
615 3497 697 3559 guno
720 3475 848 3546 melius,
866 3493 962 3556 quom
982 3488 1018 3534 ut
1039 3471 1107 3536 vul·

67 3557 157 3617 simul
190 3559 425 3618 deliberandum
457 3556 558 3619 cense·
614 3582 657 3644 go
675 3562 781 3642 cuique
798 3561 853 3617 rei.

68 3643 140 3716 bnt,
172 3646 259 3724 qued
281 3643 303 3702 st
326 3641 400 3703 esset
422 3642 557 3715 sectum,
658 3649 756 3705 iertrnt
776 3648 807 3703 in
826 3645 888 3702 alta
909 3640 1032 3724 omnia]
1060 3643 1105 3715 ire

68 3745 237 3809 utrumque
257 3727 346 3787 stmnl
367 3731 449 3788 reiici
461 3770 470 3798 ‚
505 3740 560 3787 eut
616 3731 724 3791 setalia
748 3731 864 3801 emnia,
889 3741 921 3787 et
939 3727 1106 3802 discedere,

68 3831 236 3893 utrumque
252 3811 339 3874 fimrtl
358 3812 488 3892 probari
505 3831 561 3874 ne·
616 3828 649 3872 et
664 3817 790 3893 transire
806 3836 868 3894 pro
885 3812 1035 3887 dissentire
1055 3829 1108 3873 ve·

69 3895 147 3957 cesse
177 3916 252 3959 erm.
297 3901 401 3978 Quam
433 3894 561 3957 consue·
616 3913 697 3962 teres
712 3900 866 3963 dicebant.
907 3897 959 3957 De
972 3915 1038 3976 que
1051 3892 1109 3963 Ἑο-

68 3985 209 4044 tudinem
245 3988 371 4065 egregie
405 3981 560 4042 Pedianus
616 3978 678 4046 stus
713 3985 759 4047 hii
795 3981 917 4044 verbio:
966 3983 1021 4061 qui
1052 3982 1107 4063 lec

68 4068 110 4128 ed
131 4083 210 4129 orat.
232 4088 293 4148 pro
311 4068 379 4130 Mil.
406 4089 433 4133 c.
451 4067 481 4129 0.
510 4084 561 4127 ex·
616 4071 759 4150 censetis,
786 4071 857 4128 illuc
877 4064 1021 4147 traufite;
1058 4071 1109 4145 qui
