2506 4808
175 322 243 429 eff
465 317 744 388 EPISTOLA
796 318 905 387 CIV.

175 534 265 604 pano
294 510 442 576 clamore
474 507 606 572 senatus
640 529 747 596 prope
778 504 977 573 concionali.
1023 505 1214 577 Acriorem

178 612 308 680 caulam
325 618 439 700 inopia
454 615 618 697 pecuniae
634 610 797 682 faciebat,
822 621 855 673 et
871 629 1026 673 annonae
1045 617 1186 677 coritas.

145 712 167 779 3
283 712 363 779 Non
376 715 666 800 praetermittam,
683 731 725 772 ne
740 707 824 772 illud
841 709 988 792 quidem.
1011 710 1064 776 M.
1076 712 1216 780 Furium

175 814 350 891 Flaccum,
370 819 518 899 equitem
533 810 745 884 Romanum,
767 808 942 876 hominem
963 833 1136 895 nequam,
1160 817 1216 882 (ζᾶ.

200 917 326 992 itolini,
361 929 395 981 et
419 912 640 983 Mercuriales
663 911 706 976 cle
729 910 873 1000 collegio
896 916 1093 991 eiecerunt,
1127 938 1218 1005 prae

175 942 324 1092 lentem,
346 1017 387 1081 ad
409 1017 514 1106 pedes
535 1019 803 1098 uniuscuiusque
824 1021 1003 1080 iacentem.

227 1186 517 1318 El‘ISTOLA
555 1243 661 1315 CIV.
718 1237 794 1327 (ad
828 1243 877 1340 Ω.
907 1245 978 1314 Fr.
1011 1243 1068 1315 11.
1112 1238 1178 1340 6.)

354 1426 420 1489 Sor.
443 1425 567 1487 Romae
580 1423 619 1484 V.
645 1420 688 1484 id.
708 1421 784 1505 Apr.
807 1422 844 1485 A.
858 1421 898 1482 U.
912 1422 947 1483 C.
969 1421 1042 1504 697.

179 1588 302 1658 'Narrat
318 1595 352 1670 se
367 1593 517 1670 sponsalia
540 1587 706 1668 Crassipedi
725 1590 886 1668 praebuisse
912 1611 937 1650 1.
983 1590 1095 1674 Quinti
1114 1596 1220 1655 domus

221 1693 458 1768 aedificationem
495 1693 668 1770 inspexisse,
713 1705 867 1751 coenosum
902 1696 982 1769 apud
1011 1688 1219 1770 Crassipedem

224 1797 399 1874 Pompeium
421 1809 451 1854 et
473 1791 628 1853 Lucceium
650 1796 820 1870 convenisse.
845 1814 874 1854 o.
923 1787 998 1853 Tum
1020 1794 1166 1865 fratrem
1189 1810 1219 1857 ut

222 1922 315 1988 quam
335 1902 465 1976 primum
484 1902 588 1955 redeat
602 1908 693 1974 rogat
709 1875 757 1970 gs
784 1900 934 1979 quomodo
949 1897 984 1973 se
1003 1916 1051 1953 res
1065 1894 1219 1959 Romanoa

227 2006 367 2074 habeant,
405 2000 541 2073 inprimis
557 2001 602 2057 *da
628 1999 738 2057 iudicio
763 2019 823 2081 quo
847 1992 916 2065 Sex,
942 1995 1067 2059 Clodius
1107 2003 1217 2080 absolu.

227 2117 273 2166 lus
297 2105 356 2182 ast,
383 2103 516 2176 exponit.
536 2109 566 2180 4.
657 2166 660 2171 ⁴

378 2313 613 2381 MARCUS
640 2312 691 2403 Ω
716 2313 948 2390 FRATRI,
970 2314 1018 2383 S.

289 2482 334 2551 A.
350 2484 396 2548 D.
412 2502 488 2547 v111
510 2483 556 2546 id.
571 2478 659 2570 Apr.
680 2481 837 2570 sponsalia
858 2484 1040 2572 Crassipedi
1063 2493 1217 2576 praebui.

183 2589 274 2656 Huic
298 2590 452 2651 convivio
471 2605 557 2672 puer
571 2589 720 2670 optimus
741 2583 889 2674 Quintus
910 2601 1007 2661 tuus,
1029 2607 1219 2677 meusqu03

563 2820 832 2838 Ἢ

221 2994 368 3049 acriorem
377 2990 669 3073 causam-coritas]
725 2992 855 3053 curiales
888 2991 927 3052 ob
957 2992 1037 3052 aede
1062 2995 1219 3058 Mercurii

180 3095 326 3138 annonae
341 3083 449 3138 coritas
466 3078 614 3150 faciebat,
635 3094 669 3136 ut
725 3079 816 3150 dicti,
837 3079 934 3158 idque
952 3078 1120 3160 collegium
1135 3081 1219 3141 insti·

178 3163 355 3242 expetenda
377 3163 533 3223 videretur
561 3160 668 3223 divisio
726 3179 826 3222 tutum
849 3161 909 3223 else
936 3180 1091 3224 memorat
1115 3167 1219 3227 Livius

110 3240 112 3245 ’
178 3249 429 3330 ogriCompon53
451 3264 607 3307 notamen
624 3251 669 3304 in·
724 3248 763 3308 ll.
788 3269 837 3325 27.
879 3249 1048 3328 Capitolini
1090 3252 1220 3336 collegii

153 3388 155 3392 Α
177 3338 253 3412 opio
273 3339 442 3412 pecuniae,
465 3355 527 3413 qua
549 3327 669 3390 senalus
725 3339 843 3391 mentio
867 3332 899 3392 fit
923 3335 986 3396 Liv.
1001 3335 1040 3394 V.
1056 3347 1109 3404 6⁰·

177 3437 286 3500 agrum
309 3420 503 3501 Campanum
534 3431 668 3488 emeret,
767 3416 858 3496 Epist.
877 3419 956 3479 ClV.
1003 3440 1027 3479 1.
1046 3419 1218 3503 sponsalia]

130 3501 148 3527 ’·
176 3499 240 3563 hoc
292 3506 494 3584 impediebat.
555 3502 667 3579 ltaque
724 3503 808 3562 aliud
843 3500 1005 3585 igiturest
1033 3506 1219 3578 despondere

175 3602 345 3669 utrumque
360 3588 494 3648 iaciebat
514 3591 666 3646 acriorem
723 3589 807 3647 aliud
857 3590 1007 3663 sponsalia
1051 3594 1217 3661 praebere;

176 3671 317 3746 causam,
340 3675 380 3733 do
406 3693 467 3753 quo
492 3671 550 3731 scil.
575 3685 664 3731 tanto
723 3695 820 3754 quum
854 3671 1003 3752 desponsa
1035 3675 1141 3735 Tullia
1181 3673 1219 3737 lit

174 3763 274 3818 acrius
286 3759 506 3839 dirputaretur,
521 3775 586 3835 quo
599 3771 665 3816 erat
720 3760 822 3840 pridie
841 3778 915 3818 non.
940 3763 1012 3837 Apr.
1043 3756 1217 3838 sponsalio-

172 3844 362 3924 impeditior.
719 3866 788 3903 rum
818 3864 893 3903 vero
923 3844 987 3903 dies
1013 3845 1107 3904 suerit
1130 3845 1217 3908 Vlll.

213 3943 244 4002 5.
273 3924 439 4001 Capitolini
448 3923 664 3988 -Merourim
720 3929 766 3989 ld.
787 3932 861 4007 Apr.
916 3928 1001 4008 Quid
1037 3946 1143 3988 autem
1178 3928 1216 3991 fit

170 4012 236 4096 les]
261 4013 325 4072 duo
348 4010 479 4093 collegia
508 4032 663 4074 mercato·
712 4015 864 4089 sponsalia
876 4011 940 4091 ipse
953 4015 1086 4088 indicat,
1111 4036 1214 4095 quum

169 4117 239 4158 rum
252 4095 274 4159 s.
287 4098 532 4179 negotiatorum.
574 4101 661 4159 Mor·
718 4105 763 4161 ait
782 4100 1064 4160 luicconoioio.-
1089 4099 1214 4168 Manat.
