2580 4792
167 352 232 431 294
441 336 720 408 EPISTOLA
763 340 920 407 CLIII.

172 536 230 617 qui
254 527 314 596 illo
338 524 548 603 accusatore,
569 524 694 611 illoque
718 525 853 593 consilio
879 526 1068 595 sententiis
1097 530 1219 597 conde-

170 643 309 696 mnatus
327 629 364 695 fit
377 646 521 700 xxxn,
560 648 664 711 quum
687 647 766 695 cxx
787 627 950 693 tulissent.
995 629 1059 694 Est
1077 639 1219 698 omnino

171 744 244 797 tam
262 736 355 820 gravi
375 730 463 795 fama
482 725 549 792 hoc
572 728 754 803 iudicium,
774 739 812 794 ut
827 730 987 794 videatur
1009 730 1159 816 reliquis
1175 740 1219 800 iu

175 832 274 899 diciis
295 837 488 921 periturus,
525 841 561 893 et
583 834 731 893 maxime
754 830 795 893 de
819 837 977 916 pecuniis
1001 834 1220 918 repetundis.

175 931 249 1002 Sed
271 937 367 998 vides
390 931 519 998 nullam
543 929 607 996 elle
635 952 710 994 rem
736 929 927 1018 publicam,
961 933 1103 999 nullum
1135 934 1222 1001 sena·

177 1046 271 1108 turn,
298 1032 389 1116 nulla
411 1033 550 1104 iudicia,
592 1030 717 1094 nullam
738 1037 774 1095 in
798 1031 892 1096 nullo
923 1033 1086 1099 nostrum
1115 1037 1221 1124 digni·

112 1149 117 1155 ’
174 1146 293 1200 tatem.
351 1133 444 1222 Quid
467 1131 566 1218 plura
585 1132 628 1195 de
656 1128 849 1198 iudicibus?
884 1131 954 1198 duo
981 1137 1220 1222 praeteriise

174 1234 322 1309 derunt,
357 1234 531 1299 Domitius
561 1233 740 1316 Calvinus;
776 1239 806 1298 is
837 1245 954 1322 aperte
983 1233 1155 1313 absolvit,
1185 1253 1220 1305 ut

176 1354 301 1402 omues
324 1334 493 1417 viderent3
536 1347 573 1398 et
595 1335 699 1417 Cat03
744 1340 773 1400 is
798 1332 981 1424 diremptis
1014 1338 1159 1406 tabellis
1179 1341 1219 1406 de

222 1566 278 1647 qui
299 1565 352 1624 illo
369 1562 536 1640 accusatore
556 1564 669 1644 illoque
723 1572 791 1636 lut,
836 1583 931 1644 quam
959 1565 995 1626 C.
1028 1568 1219 1647 Memmius,

177 1647 323 1734 consilio]
364 1651 414 1710 Sic
440 1645 577 1727 r‘elcripfi
606 1670 668 1729 pro
724 1647 861 1708 eiusdem
885 1653 1043 1726 pectionis
1063 1662 1220 1738 particeps

180 1733 326 1818 vulgato:
351 1738 405 1814 qui
432 1745 495 1791 tum
518 1737 571 1792 illo
585 1755 667 1791 eccu-
692 1735 696 1743 '
724 1738 756 1794 in
776 1733 880 1792 [rnatu
899 1739 1061 1812 recitavi13
1086 1747 1147 1820 qui
1163 1744 1220 1803 Ge·

174 1819 279 1896 satore
322 1822 498 1895 illorumque
539 1821 667 1894 consilio.
725 1818 859 1889 binium,
885 1825 971 1879 cuius
997 1827 1135 1886 crimine
1157 1829 1220 1888 luce

108 1934 111 1939 ⁴
182 1904 337 1966 Nimirum
371 1903 433 1965 hoc
469 1909 512 1963 eit
541 1905 669 1964 Cicero:

181 1985 247 2048 Nili
267 1989 436 2070 Pompeius
464 1984 582 2061 suillet,
606 1989 669 2049 Ge·

183 2071 284 2135 binius
297 2095 338 2135 ne
353 2073 409 2154 ipli
422 2076 548 2156 quidem
556 2075 671 2134 Lentu·

181 2156 218 2232 lo
246 2157 334 2219 susus
365 2156 440 2219 elles
464 2156 670 2238 respondere3

182 2242 280 2323 idque
294 2265 330 2303 ex
345 2264 385 2306 eo
402 2241 569 2325 colligitur,
581 2243 671 2323 quod

184 2346 281 2407 quum
297 2345 359 2388 tarn
376 2329 474 2387 iniens
491 2324 564 2386 ellet
581 2349 670 2389 accu-

182 2408 282 2487 sator,
306 2429 433 2492 temque
451 2409 609 2471 sordidum
626 2417 671 2496 in·

185 2497 436 2568 dictum‚ten1en
453 2517 471 2554 e
488 2498 591 2568 LXX,
617 2502 670 2576 qui

183 2579 346 2644 sententies
368 2581 518 2653 tulerant,
551 2583 671 2643 XXXII

183 2665 315 2737 inerint,
336 2671 398 2747 qui·
408 2665 575 2729 Gabinium
596 2687 671 2727 con·

184 2751 378 2812 demnerent.

228 2838 353 2917 reliquis
377 2833 515 2917 iudiciis]
548 2833 588 2894 de
608 2856 672 2895 sm·

184 2914 252 2979 bitu
270 2936 299 2980 et
317 2922 356 2979 de
372 2921 561 3000 repetundis.

225 3005 350 3089 operte]
385 3008 468 3090 Ergo
494 3007 670 3084 praetorius

185 3085 284 3150 homo
299 3107 329 3151 et
343 3092 521 3170 improbus,
544 3094 597 3172 qui
610 3089 672 3147 Ge·

184 3174 322 3248 binium,
361 3173 539 3234 manifestae
562 3173 672 3252 culpae

184 3279 285 3330 reum,
310 3259 500 3332 absolveret,
522 3275 554 3319 et
571 3264 673 3337 impu·

160 3342 295 3419 ,denter
328 3344 510 3426 improbus,
547 3347 600 3424 qui
633 3340 674 3401 fic

183 3425 378 3502 absolveret,
406 3446 440 3488 ut
461 3449 569 3488 omnes
591 3429 670 3487 vide·

185 3530 271 3590 rent,
316 3534 411 3595 quum
435 3518 528 3573 ceteri
556 3512 674 3573 lenten-

725 1903 836 1965 clarius
873 1904 1053 1982 petebant,
1113 1930 1219 1992 aperte

726 1985 920 2060 absolverat,
967 1991 1080 2052 consul
1119 2012 1219 2058 tamen

726 2073 818 2134 suerit
833 2093 917 2134 enno
933 2075 1107 2155 frequenti.
1131 2078 1215 2140 Man.

772 2155 871 2240 Caro]
898 2179 966 2219 non
988 2165 1033 2232 is,
1057 2169 1118 2245 qui
1141 2165 1219 2248 post·

726 2259 765 2300 ee
779 2241 927 2304 Uticenlis
945 2244 1047 2308 dictus
1064 2247 1121 2311 est.
1153 2254 1221 2312 Erst

727 2326 970 2389 euimltoceuno
983 2349 1130 2410 praetor,
1141 2352 1175 2397 ut
1184 2337 1220 2396 sd

728 2410 873 2492 Q.Fr.lll.
888 2435 910 2472 s.
920 2411 998 2490 (hui.
1010 2418 1061 2478 ed.
1072 2440 1128 2497 ep.
1142 2425 1218 2500 146.)

728 2494 970 2557 demonstratum
994 2499 1049 2562 est.
1093 2505 1219 2567 Praete

726 2602 775 2640 res
796 2597 901 2640 eutem
921 2587 956 2643 in·
974 2585 1115 2648 eliorum
1135 2613 1218 2671 prse-

728 2681 830 2727 torum
849 2665 977 2729 confilio
992 2672 1118 2735 iudices
1139 2676 1218 2737 sedis·

727 2749 758 2812 se
779 2772 843 2810 non
864 2750 924 2822 est,
952 2770 987 2812 ut
1009 2759 1100 2817 credi
1125 2759 1219 2841 poffit.

728 2836 855 2897 Accedit
878 2836 930 2897 ills
947 2843 1031 2901 ratio
1041 2883 1050 2913 ,
1074 2848 1168 2924 quod
1183 2852 1219 2904 vir

729 2926 866 2980 omniunt
879 2925 1016 3001 optimus
1032 2943 1064 2985 et
1080 2929 1220 2991 constan·

729 3004 852 3066 tiffimus
876 3027 973 3086 quum
1002 3007 1100 3084 effer,
1137 3036 1219 3076 num·

729 3111 823 3170 quern
848 3091 995 3152 adulandi
1016 3102 1141 3176 grstia,
1163 3102 1219 3160 Gr·

729 3175 845 3233 binium
882 3175 1059 3238 absolutum
1106 3188 1218 3264 primus

730 3261 884 3339 Pompeio
931 3261 1111 3328 ntrntinllet.
1177 3267 1219 3329 Est

730 3348 823 3427 igitur
847 3345 922 3404 elius
947 3350 1047 3419 (leto,
1069 3352 1123 3412 vel
1150 3355 1221 3416 Por·

729 3435 812 3500 cius,
841 3431 889 3489 vel
908 3431 1072 3506 Hostilius,
1100 3439 1221 3519 quisue

729 3513 877 3574 sententis
900 3517 1070 3579 Gabinium
1105 3522 1222 3585 videtur

185 3603 242 3658 ties
265 3616 344 3658 tecte
360 3600 485 3658 ferrent.
530 3600 672 3678 Exque,
731 3597 896 3660 absolutio.
917 3603 1012 3665 Dec,
1029 3607 1159 3667 Catone
1173 3613 1222 3690 qui

184 3703 268 3765 quse
288 3699 355 3742 tum
378 3685 472 3743 luerit
499 3686 600 3744 forme
628 3687 674 3743 rei
730 3685 870 3744 tribunus
894 3685 1019 3765 pl,'lnit
1035 3692 1222 3755 Marcellino

184 3767 348 3848 publicae,
386 3790 479 3848 quem
513 3772 675 3845 inquinata
732 3768 1225 3848 etPhilippoCollnonlicetin·

184 3856 280 3922 vitiis,
307 3872 401 3931 quem
418 3874 480 3911 non
503 3849 603 3908 fimitis
620 3872 674 3912 en·
728 3855 837 3936 telligi.
851 3858 923 3914 Non
936 3863 1017 3916 enim
1029 3880 1225 3924 auctentum

183 3933 564 4013 tiquselicetesistirnere;
577 3954 673 4014 quum
730 3937 893 4018 ennopost
906 3941 1099 4004 tribunatum
1117 3971 1226 4027 gerere

186 4019 351 4090 Calvinus,
377 4024 521 4098 quicum
545 4019 674 4082 consuli·
730 4040 907 4106 praeturam
924 4032 1038 4104 potuit.
1086 4029 1211 4095 Manus.

186 4099 422 4184 busturpiffime
435 4108 674 4181 pectionecoie·
723 4148 727 4154 -
771 4109 950 4194 diremptis]
983 4113 1032 4174 lte
1052 4113 1226 4201 legendum
