2580 4792
187 298 251 372 244
444 277 741 350 ums‘roua.
767 278 976 348 xuvuu

188 471 273 542 nihil
295 469 354 542 fibi
369 474 537 553 antiquius
555 470 701 533 amicitia
715 467 828 533 nostra
837 469 858 534 s
881 466 948 532 sse.
991 461 1105 540 Haec,
1127 478 1162 531 et
1181 474 1219 533 iu

185 597 264 658 ¹eam
282 574 476 639 senteutiam
492 592 595 652 quum
610 569 716 634 multa
731 570 895 645 dixisset‚.
910 569 1020 635 aiebat
1035 568 1132 634 illum
1150 573 1219 655 pri-

189 701 248 744 mo
265 677 341 741 sane
357 676 416 738 diu
429 670 536 735 mrdta
552 684 683 744 contra,
704 671 745 735 ad
762 685 953 736 extremum
970 683 1082 737 autem
1096 671 1218 735 manus¹

188 777 334 850 dedisse,
358 788 392 840 et
410 769 585 837 affirmasse
607 770 693 836 nihil
714 770 746 835 se
767 785 889 836 contra
911 778 986 837 eius
1011 770 1220 836 voluntatem

192 877 256 944 esse
277 881 458 943 iacturum.
502 871 574 937 Sed
590 873 704 960 postea
724 885 838 937 tamen
859 873 915 938 ilie
936 895 1008 939 nou
1029 870 1155 936 destitit
1177 871 1220 935 de

190 983 291 1046 nobis
314 977 494 1065 asperrime
513 972 618 1054 loqui.
668 971 811 1062 Quodsi
835 998 907 1041 non
927 977 1076 1049 iaceret,
1103 987 1220 1040 tamen

192 1087 227 1147 ei
244 1077 330 1145 nihil
350 1076 585 1153 crederemus;
599 1132 601 1136 .
615 1086 715 1156 atque
733 1082 858 1156 omnia,
882 1074 965 1142 ficut
979 1077 1142 1151 facimus,
1163 1099 1219 1165 pa·

189 1200 358 1248 raremus.
403 1175 504 1240 Nunc
520 1181 568 1238 ita
582 1195 647 1238 nos
664 1181 835 1263 gerimus,
856 1191 895 1243 ut
912 1183 949 1241 in
966 1185 1002 1243 in
1017 1177 1089 1244 dies
1112 1177 1220 1267 singu·

190 1283 244 1350 los
262 1293 296 1345 et
312 1279 419 1345 studia
435 1283 472 1341 in
486 1295 550 1341 nos
566 1271 761 1352 hominum,
783 1291 817 1343 et
830 1299 912 1366 opes
928 1278 1062 1344 nostrae
1075 1282 1218 1368 augean—

192 1397 258 1450 tur.
313 1376 592 1469 Rempubiicam
616 1376 708 1442 nulla
728 1401 771 1443 ex
793 1393 889 1467 parte
910 1384 1119 1468 attingimue'.
1165 1383 1219 1446 .In

194 1481 319 1557 causis,
345 1495 447 1566 atque
464 1485 506 1544 in
525 1477 583 1542 illa
596 1498 699 1566 opera
713 1479 827 1544 nostra
846 1480 1110 1569 forensisumma
1122 1485 1220 1551 indu·

191 1583 455 1668 striaversamur.
477 1579 579 1670 Quod
587 1586 723 1668 egregie
738 1604 809 1646 non
817 1583 922 1646 medo
933 1588 987 1655 iis,
1003 1589 1060 1667 qui
1074 1596 1218 1650 utuntur

192 1709 306 1778 opera,
325 1687 380 1755 sed
397 1689 549 1755 etiamid
563 1681 685 1770 vulgus
695 1696 840 1769 gratum
854 1683 919 1748 esse
933 1683 1104 1750 sentimus.
1141 1687 1218 1752 'Do-

192 1810 270 1856 mus
286 1790 495 1868 celebratum
519 1790 730 1866 occurritur3
758 1796 942 1848 renovatur
960 1793 1125 1852 memoria
1139 1810 1219 1853 con·

192 1892 334 1973 sulatus3
361 1889 469 1956 studia
482 1882 726 1974 significantur3
758 1891 797 1951 in
809 1886 886 1950 eam
903 1885 993 1974 spem
1007 1887 1219 1966 adducimur,

191 2006 230 2058 ut
244 1994 344 2056 uobis
360 2012 398 2055 ea
414 1992 605 2060 contentio,
634 2007 717 2071 quae
732 1988 924 2076 impendet,
951 1989 1126 2055 interdum
1146 2015 1217 2057 non

192 2093 352 2182 fugienda
367 2091 529 2158 videatur.
571 2110 577 2119 ’

165 2223 184 2264 2
274 2192 375 2260 Nunc
393 2192 477 2258 mihi
491 2205 525 2257 et
543 2191 687 2257 consiliis
702 2211 788 2280 opus
805 2189 853 2254 est
867 2197 953 2265 tuis,
976 2206 1010 2259 ot
1024 2216 1158 2272 amore,
1183 2209 1217 2261 et

117 2328 120 2332 ·
193 2292 271 2358 fide.
316 2294 429 2385 Quare
450 2295 580 2362 advola.
623 2293 791 2381 Expedita
809 2288 892 2357 mihi
915 2307 1015 2358 erunt
1038 2304 1169 2373 omnia,
1191 2296 1216 2361 s1

193 2408 226 2461 te
241 2393 385 2462 habebo.
427 2395 538 2461 Multa
552 2417 614 2484 per
628 2392 817 2486 Varronem
835 2391 986 2458 nostrum
1001 2403 1055 2485 agi
1070 2398 1216 2486 possunt,

194 2517 278 2580 quae
293 2510 327 2562 te
349 2510 493 2586 urgente
518 2493 805 2578 eruut-firmiora3
825 2495 931 2561 multa
954 2501 994 2562 ab
1009 2497 1080 2583 ipso
1094 2496 1215 2565 Publio

194 2597 289 2671 elici,
309 2598 416 2662 multa
431 2599 598 2691 cognosci,
620 2618 704 2681 quae
724 2601 785 2663 tibi
801 2597 935 2663 occulta
951 2597 1016 2663 esse
1032 2620 1104 2664 non
1120 2615 1215 2688 pote·

192 2712 292 2780 runt3
311 2699 417 2764 multa
432 2706 533 2764 etiam
548 2736 590 2750 -
605 2698 660 2762 sed
671 2698 854 2763 absurdum
872 2699 919 2762 est
933 2697 1057 2786 fingula
1073 2701 1217 2788 explica*-

192 2822 247 2883 re;
268 2813 343 2865 tum
361 2820 424 2890 ego
450 2802 617 2885 requiram
641 2813 674 2863 te
694 2800 734 2868 ad
755 2802 879 2863 omma.
921 2797 1037 2865 Unum
1050 2801 1135 2879 illud
1156 2808 1218 2869 tibi

192 2898 392 2991 persuadeas
416 2900 535 2976 velim,
574 2900 687 2996 munia
704 2897 787 2964 mihi
809 2899 884 2983 fure
915 2898 1095 2988 explicata,
1131 2904 1153 2989 fi
1182 2921 1216 2971 te

194 3000 328 3067 videro:
362 2997 417 3065 sed
435 3015 547 3069 totum
569 3001 670 3066 estin
687 3022 744 3073 e0,
771 2997 904 3076 fiante,
933 3025 1032 3086 quam
1050 3004 1106 3071 ille
1126 3013 1218 3073 ineat

193 3099 437 3190 magistratum.
488 3103 576 3169 Puto
597 3100 795 3189 Pompeium
813 3101 931 3168 Crasso
950 3119 1112 3192 urgente,
1141 3108 1162 3174 s]
1179 3124 1218 3177 tu

194 3205 325 3280 aderis,
346 3211 403 3291 qui
425 3225 488 3294 per
506 3207 628 3292 βοῶπιν
648 3225 690 3267 ex
710 3202 780 3292 ipso
802 3204 992 3294 iutelligere
1012 3206 1132 3298 possm,
1155 3211 1219 3296 qua

572 3390 841 3411 ιιι--ι-Μ

214 3543 265 3593 ,2.
299 3534 368 3582 anta
399 3543 484 3599 quam
514 3522 565 3579 ille
599 3522 678 3585 ineat,
732 3514 870 3583 Fortasse
885 3518 1072 3605 legendum:
1093 3518 1218 3604 Pompe·

193 3601 422 3689 aawgsstratum]
459 3605 677 3674 Tribunatum,
735 3606 764 3665 ίο
776 3601 1043 3684 Crusstunurgeute
1054 3629 1170 3692 nempe
1185 3629 1220 3675 ut

194 3713 287 3774 quam
296 3696 424 3754 initurus
434 3691 606 3752 eratNouis
617 3689 680 3751 De·
735 3711 794 3768 per
827 3691 972 3751 Clodiam
998 3700 1062 3755 eiua
1080 3699 1219 3759 ‘s'ratreru

193 3776 308 3840 cembr.
735 3775 776 3834 ed
808 3773 901 3837 fidem
931 3775 1111 3841 servandam
1143 3787 1219 3843 inci·

234 3857 407 3933 Pompeium
442 3857 543 3941 Crasso
573 3880 677 3939 urgen-
735 3875 831 3932 taret,
856 3860 904 3923 vd
925 3858 1031 3923 saltem
1049 3866 1126 3944 quid
1144 3868 1219 3929 eto·

190 3945 241 4028 te]
286 3945 372 4025 Quid
388 3946 450 4015 huc
468 3945 503 4008 su
517 3966 611 4009 nemo
628 3967 679 4014 ero,
735 3945 803 4005 dius
823 3961 946 4008 acturus
966 3945 1060 4022 esset,
1084 3939 1230 4032 expisra?

189 4031 316 4112 plieavit
330 4046 364 4090 ut
387 4029 461 4090 mihi
482 4032 676 4093 satisfaceret.
732 4046 836 4095 retur..
