2506 4808
155 328 230 400 uso
391 300 685 386 nirsr'onu
728 312 988 390 cnxxvr.

169 503 363 578 sendissem,
383 516 421 570 ac
440 504 521 570 inihi
537 502 727 592 placuisset,
750 504 772 571 fi
788 504 996 576 affuissem:
1023 522 1146 579 tamen
1162 512 1215 579 nui

168 609 199 676 la
222 632 258 674 re
280 608 373 674 saluti
399 623 473 673 tuae
496 608 606 689 ‹sesui;
644 628 818 693 quumque
839 632 883 676 eo
905 624 1088 702 tempore
1110 618 1215 683 invidie

159 732 339 811 'annonam
360 715 489 775 inimici
512 732 581 775 nou
603 707 709 775 solum
731 714 801 785 tui,
823 733 957 779 verum
980 722 1096 782 etiam
1113 726 1215 785 amico

168 835 244 879 rum
267 825 423 884 tuorum,
459 816 616 894 iniqnitas
639 817 745 876 totius
776 811 917 887 iudicii,
954 817 1145 905 multaque
1167 821 1213 886 alia
1251 833 1253 842 ⁴

168 913 388 1001 reipublicae
406 918 500 984 uitia,
523 911 598 1000 plus
621 934 720 996 qnam
744 911 838 976 causa
858 914 933 999 ipsa
951 924 1161 1005 veritasque
1174 944 1213 988 va·

168 1016 317 1082 luissent:
353 1013 473 1080 Publio
494 1024 555 1078 tuo
578 1032 688 1096 neque
702 1032 822 1102 opera,
845 1037 966 1100 neque
982 1019 1154 1097 consilio,
1171 1046 1213 1090 ne

160 1141 234 1204 ⁸que
263 1118 397 1190 labore,
438 1137 548 1200 neque
570 1120 694 1204 gratia,
733 1137 844 1200 neque
870 1118 1093 1190 testimonio
1124 1127 1210 1193 deins.

163 1220 443 1312 Quamobrem,
465 1217 623 1280 omnibus
643 1215 765 1283 officiis
791 1223 965 1288 amicitiae
995 1225 1211 1316 diligentem

167 1343 223 1393 nne
243 1320 420 1402 sancteque
445 1317 603 1391 servatio,
626 1338 669 1381 ne
694 1315 759 1383 hoe
777 1321 916 1403 quidem
933 1322 1209 1412 praetermitten·

166 1423 248 1490 dum
264 1421 327 1486 esse
345 1422 442 1492 duxi,
463 1430 496 1482 te
515 1428 553 1480 ut
575 1415 750 1494 hortarer,
770 1442 1029 1510 rogaremque,
1054 1443 1096 1495 ut
1114 1445 1149 1496 et
1164 1429 1209 1497 iro

160 1529 294 1598 ‚minem
316 1534 369 1596 te,
402 1530 436 1584 et
459 1525 568 1585 virum
599 1518 663 1586 esse
689 1521 914 1600 meminisses,
945 1526 988 1592 id
1019 1527 1092 1606 est,
1128 1544 1208 1598 utet

166 1644 397 1695 communem,
424 1628 660 1705 incertumque
684 1621 810 1697 casum,
831 1646 935 1709 quem
957 1650 1085 1715 neque
1111 1638 1207 1699 vitare

159 1731 343 1811 ,qnisquam
369 1722 539 1799 nostrum,
579 1746 642 1789 nec
665 1724 832 1813 praestare
854 1718 927 1792 ullo
947 1745 1066 1817 pacto
1093 1735 1206 1822 potest,

160 1824 332 1914 ,sapienter
352 1825 481 1906 serres3
505 1838 539 1889 et
562 1823 672 1891 dolori
694 1828 827 1893 sortiter
842 1848 881 1892 ae
900 1829 1075 1900 fortunae
1098 1834 1206 1902 refiste

161 1948 240 2003 res,
262 1932 513 2016 cogitaresque,
536 1941 569 1992 et
592 1934 628 1993 in
650 1929 761 1993 nostra
781 1934 932 2004 civitate,
956 1946 997 1997 et
1023 1942 1061 2005 in
1090 1946 1204 2004 ceteris

119 2082 123 2089 .
159 2051 247 2117 ‚quae
270 2052 386 2095 rerum
400 2037 528 2119 potitae
551 2030 646 2104 sunt,
666 2030 782 2094 multis
801 2028 988 2100 fortiifimis
1007 2051 1120 2124 atque
1135 2049 1205 2128 opti·

159 2136 341 2207 univiris,
360 2129 487 2197 iniustis
509 2128 772 2223 iudicum-tales
787 2131 879 2195 casus
901 2136 1079 2204 incidisse.
1127 2142 1204 2208 Illud

158 2238 290 2301 utinam
310 2255 353 2299 ne
367 2254 446 2298 vere
470 2230 667 2308 scriberem,
688 2255 726 2297 ea
748 2244 781 2296 te
798 2254 835 2296 re
853 2233 994 2319 publica
1011 2263 1157 2320 carere,
1174 2252 1203 2311 in

162 2357 226 2420 qua
249 2341 420 2400 nerninem
443 2335 646 2421 prudentem
669 2331 840 2398 hominem
860 2355 915 2398 res
940 2336 1016 2404 ulla
1044 2345 1202 2413 delectet.

152 2433 213 2502 De
231 2447 289 2501 tuo
304 2449 415 2501 antem
432 2433 519 2511 filio,
538 2457 673 2509 vereor,
695 2433 773 2500 nesi
789 2434 928 2501 nihilad
944 2451 981 2505 te
1000 2440 1204 2534 scripserim,

158 2537 311 2604 debitum
334 2544 407 2604 eius
422 2544 538 2604 virtuti
557 2545 672 2605 videar
695 2537 922 2603 testimonium
946 2547 1144 2615 recusasse:
1164 2537 1203 2614 sm

159 2656 269 2704 autem
288 2647 417 2712 ornuia,
440 2662 522 2722 qnae
540 2639 664 2715 sentio,
685 2637 952 2728 perscripserim,
973 2667 1024 2710 ne
1041 2652 1203 2719 refricem

157 2747 242 2813 meis
259 2742 368 2808 literis
385 2740 597 2815 defiderium,
618 2764 655 2806 ac
669 2741 822 2806 dolorem
836 2752 943 2807 tuum.
992 2745 1072 2814 Sed
1090 2765 1204 2820 tamen

156 2828 411 2930 prudentissime
432 2840 554 2916 facies,
580 2840 601 2906 fi
624 2840 716 2908 ffliuc
736 2848 916 2931 pietatem,
938 2846 1141 2930 virtutem,
1162 2862 1205 2922 in

156 2942 334 3018 austriam,
355 2947 565 3029 ubicumque
582 2948 669 3018 eris,
688 2957 802 3010 tecum
824 2942 905 3021 esse,
926 2958 1029 3017 tuam
1054 2955 1128 3030 esse
1152 2959 1204 3025 du-

535 3116 806 3145 -α--ι--ὲ--ι

156 3258 164 3267 “
198 3251 311 3309 invidia
328 3249 485 3335 annonae]
504 3248 643 3312 Fortasse
696 3253 842 3337 Legum,
862 3262 1141 3328 nemmecodicic
1153 3286 1204 3329 nn.-

154 3353 191 3396 ex
216 3341 343 3396 caritate
364 3356 524 3408 annonae,
558 3340 659 3418 qnae
698 3343 857 3410 ctoritate,
880 3358 919 3400 nn
937 3338 1058 3424 suopte
1070 3353 1203 3436 ingenio

153 3438 193 3480 eo
212 3420 279 3500 ipso
296 3438 379 3481 enno
397 3441 460 3503 quo
471 3423 582 3483 Cicero
600 3423 639 3484 eb
696 3420 809 3484 nescio.
853 3423 958 3508 Vnigo
978 3446 1054 3491 eret
1071 3455 1138 3495 non
1161 3452 1201 3496 ce·-

152 3501 256 3565 exsiiio
278 3507 385 3577 rediit,
414 3507 580 3579 incideret,
608 3512 640 3569 et'
695 3507 1202 3596 pisse5Graeviueaccepissefiffl.

150 3594 237 3650 nnius
265 3591 387 3672 culpem
415 3594 520 3653 Sextio
549 3590 582 3654 Ρ.
605 3593 640 3655 F.
697 3599 778 3652 riom
793 3593 865 3653 ferri
882 3593 997 3674 potest.
1025 3600 1202 3670 Lambrum

150 3669 193 3752 (si
217 3676 316 3737 modo
340 3697 445 3737 verum
471 3675 530 3748 est,
566 3679 639 3737 eum
695 3686 755 3736 non
777 3679 899 3757 dedisse.

147 3757 203 3819 isso
241 3768 323 3821 enno
363 3762 493 3822 aedilem
529 3756 638 3842 sniffoj
738 3775 833 3822 tecum
873 3763 946 3839 esse,
987 3779 1080 3831 tuam
1120 3762 1203 3860 effe]

146 3836 289 3905 homines
308 3841 470 3927 imputasse
484 3845 636 3907 videntur.
694 3848 788 3910 Hunc
821 3847 987 3908 verborum
1030 3859 1200 3936 ordinem,

154 3923 166 3956 ·'
189 3923 293 3988 Publio
315 3929 387 4015 ruo]
408 3931 441 3991 P.
461 3931 572 4002 Sextii,
594 3930 636 3992 ed
693 3951 787 4014 quem
810 3940 1010 4014 praeoptavit
1034 3944 1203 4032 Mertyni,

145 4032 240 4096 quem
257 4012 305 4074 est
318 4013 395 4076 haee
409 4011 548 4094 epistola,
559 4011 635 4077 sisioa
691 4015 821 4103 Lagona
843 4038 904 4102 ego
921 4038 1064 4104 quoque
1086 4035 1200 4095 melin.

186 4095 345 4184 recnsaffe]
390 4101 440 4161 Sic
477 4099 636 4184 Mertyni·
676 4100 1004 4186 'Mu‘puto'wsgtw
1017 4122 1110 4176 sum
1128 4121 1201 4200 effe,
