2506 4808
294 323 593 397 rrrsrocu·
637 324 853 399 cxxxii.
1029 352 1088 418 ψ

57 524 129 578 non
144 511 314 580 intellexi:
338 527 500 599 quantum
514 527 628 580 autem
642 519 839 580 coniectura
854 513 1090 600 consequebar,

58 617 96 703 id
119 627 190 678 erut
214 613 425 692 huiusmodi,
442 630 481 687 ut
496 623 598 702 magis
614 606 817 703 optandum,
840 638 937 698 quam
953 616 1091 706 speran-

59 714 142 781 dum
166 728 363 801 putarem.“
404 719 520 802 Itaque
542 717 656 808 postea
679 713 748 781 misr
776 714 817 781 ad
840 714 1014 783 Caesarem
1038 742 1091 788 eo

59 817 140 882 dem
160 815 219 881 illo
239 818 397 907 exemplo
416 816 545 889 literas.
589 820 707 885 Iocum
732 810 842 883 autem
866 816 955 885 illius
972 821 1014 886 dc
1037 820 1093 907 sua¹

59 917 205 1009 egestate
238 944 279 987 ue
303 918 343 985 fis
372 920 576 1009 aspernatus.
619 917 677 987 Ad
706 940 805 1004 quem
829 941 893 1006 ego
926 919 1093 1011 rescripfi‚

58 1018 145 1088 'nihil
168 1019 249 1095 esse,
273 1019 364 1105 quod
387 1018 524 1110 posthac
545 1042 641 1085 arcae
663 1016 791 1087 nostrae
813 1016 935 1086 fiducia
958 1035 1093 1093 contur-

58 1118 322 1208 baretrlufique
346 1128 381 1189 in
403 1144 442 1186 eo
460 1118 588 1210 ¹genere
604 1133 639 1186 et
658 1120 884 1196 familiariter,
904 1134 937 1188 et
953 1146 1030 1188 cum
1045 1124 1093 1192 di·

59 1228 201 1313 gnitate.
225 1216 337 1289 Amor
351 1235 462 1289 autem
481 1229 552 1288 eius
572 1245 650 1311 erga
664 1245 727 1289 nos
746 1224 922 1311 perfertur
941 1234 1093 1297 omnium

59 1329 189 1390 nuntiis
208 1320 393 1413 bugularis.
434 1325 479 1388 Et
493 1323 612 1389 literae
629 1324 765 1408 quidem
786 1325 827 1390 ad
848 1328 902 1401 id,
925 1330 1017 1412 quod
1037 1352 1093 1398 ex·

60 1424 208 1515 spectas,
231 1422 307 1490 fere
324 1415 401 1491 cum
416 1440 476 1492 tuo
492 1427 604 1491 reditu
618 1433 821 1514 iungentur3
844 1425 973 1511 reliqua
989 1427 1093 1520 fingu-

59 1528 171 1593 lorum
187 1528 320 1592 dierum
341 1528 524 1597 scribemus
547 1528 589 1595 ad
606 1540 659 1601 te,
682 1523 702 1593 fi
720 1526 822 1592 modo
842 1528 1038 1598 tabellarios
1054 1545 1094 1600 tu

59 1633 253 1725 praebebis.
297 1629 507 1718 Quamquam
534 1627 700 1694 eiusmodi
724 1628 830 1716 frigus
856 1631 1095 1717 impendebat,

56 1745 99 1796 ut
112 1730 276 1796 summum
288 1730 480 1818 periculum
497 1724 604 1803 eifet‚·
616 1750 662 1794 ne
677 1725 793 1817 Appio
812 1726 887 1817 fuuo
901 1733 1001 1800 aedes
1022 1756 1094 1801 ure·

60 1845 190 1899 rentur.
234 1830 330 1897 Vale.
601 1834 605 1843 '

1081 2010 1088 2021 ι

56 2086 60 2097 .
88 2000 623 2106 rrisrocicxxmu.
660 2017 744 2109 (ad
770 2011 992 2099 muru.
1019 2028 1071 2118 5.)

55 2189 59 2198 '
125 2194 191 2256 Ser.
200 2190 322 2253 Romae
335 2185 616 2249 monseFebmrrio
627 2188 805 2249 autMartio
818 2187 898 2250 Ab.
911 2189 945 2250 C.
961 2193 1033 2277 699.
1081 2278 1085 2285 .

53 2340 190 2432 'Caesari
219 2339 338 2403 Galliae
367 2335 540 2418 Proconsuli
568 2333 738 2399 Trebatium
766 2341 987 2418 diligentiffime
1018 2363 1094 2404 com·
1128 2380 1130 2386 ·

104 2448 235 2507 mendat.

441 2623 709 2640 *m

106 2761 197 2823 quam
204 2742 386 2818 sperandum
400 2739 552 2825 putarem]
610 2760 671 2824 ego
686 2753 718 2799 te
732 2741 808 2800 meis
822 2744 954 2804 nummis
973 2758 1030 2806 tuo
1046 2763 1098 2805 ae·

56 2825 123 2888 ¹scil.
150 2828 301 2907 Quintum
333 2826 374 2884 od
394 2845 464 2885 eum
493 2830 553 2884 iru-
609 2824 1029 2905 roelieuouonexpediem.
1057 2832 1099 2891 Et

61 2932 149 2983 rum,
192 2925 227 2970 ut
253 2929 382 2989 operum
411 2909 552 2970 in·bello
611 2906 653 2969 est
674 2907 724 2968 bic
746 2913 934 2982 conturbare,
961 2934 1021 2994 pro
1047 2920 1098 2974 do*

60 3010 198 3060 navaret.
251 2993 371 3052 Mauur.
599 3016 736 3075 coquere
769 3009 805 3053 ut
829 2996 964 3068 Martini.
991 3000 1098 3083 Epigr.

107 3075 399 3161 nesirasperuatur]
422 3081 553 3157 Scripie·
609 3079 665 3139 IX.
688 3101 713 3140 r.
758 3073 878 3138 Manui.
1042 3112 1045 3119 ·

62 3181 112 3227 rat
125 3165 237 3226 Caesar
252 3165 313 3225 tale
328 3170 422 3245 quid:
447 3184 553 3244 orgen·
643 3162 717 3234 fem
744 3185 810 3221 cum
836 3175 885 3221 ruo
911 3169 1009 3226 reditu
1029 3172 1099 3230 iun.

53 3266 128 3310 rum
165 3249 218 3309 fibi
248 3271 314 3310 nou
348 3244 425 3318 effe,
469 3249 554 3308 unde
610 3247 740 3330 gentio]
767 3253 786 3308 i.
810 3269 837 3311 e.
869 3268 908 3309 eo
933 3252 1000 3313 fere
1024 3269 1099 3316 tem·

52 3337 216 3415 ¹Quintum
240 3336 339 3393 dimre
364 3330 473 3410 poffir;
494 3332 555 3393 [iu-
610 3354 691 3413 pore
705 3334 902 3412 perferentur
917 3337 957 3396 ad
971 3351 1012 3410 te,
1033 3347 1100 3422 quo

62 3423 148 3484 dium
173 3434 205 3480 et
226 3417 483 3488 benivolemium,
522 3433 555 3477 et
610 3433 644 3478 tu
665 3419 798 3477 reditum
827 3418 868 3478 ed
886 3430 946 3481 ποι
968 3424 1102 3488 edorm-

64 3525 271 3587 qucecunque
290 3509 322 3563 in
345 3501 395 3561 sun
418 3498 554 3580 poteste-
609 3500 667 3564 bis.
710 3499 831 3562 Manu.

49 3607 96 3657 ,re
119 3587 230 3661 ess'enr,
260 3591 290 3648 ei
310 3606 377 3648 uon
400 3587 553 3649 doiorum.
646 3589 719 3662 suae
733 3591 820 3645 aedes
833 3586 1003 3674 urerentur]
1013 3591 1102 3672 quod

65 3680 186 3738 Manui.
612 3674 644 3731 in
657 3666 755 3732 domo
772 3671 902 3733 consulis
910 3714 920 3744 ,
942 3693 1008 3754 quo
1024 3674 1128 3736 selu-¹

106 3781 194 3816 arcae
215 3754 350 3838 nostrae]
370 3760 456 3814 iocus
480 3757 554 3816 ioco
612 3757 698 3816 rendi
734 3776 771 3816 rc
803 3756 978 3817 deducendi
1013 3759 1102 3822 cruia

50 3844 188 3906 relatus.
220 3845 252 3901 Si
271 3858 319 3912 ru,
338 3845 454 3918 inquit,
471 3860 554 3921 eger,
613 3861 707 3922 quum
730 3842 857 3922 plurimi
884 3847 1102 3919 convenirent,

62 3949 123 3991 nos
150 3949 217 3988 non
250 3926 453 3986 abundamus.
496 3927 556 3984 Im·
612 3930 766 3986 caminum
815 3921 875 3986 offe
920 3943 1102 4008 oporteret,

65 4034 127 4093 que
144 4032 233 4073 orcae
249 4009 372 4071 nostrae
393 4008 459 4069 noli
481 4029 555 4069 cou·
609 4009 765 4072 saeviente
779 4011 909 4094 frigore,
928 4010 1103 4078 luculentis·

49 4097 173 4160 afluere.
215 4097 298 4156 Num
326 4093 350 4157 fi
378 4095 555 4168 decoxeris,
595 4093 730 4161 fimum,
771 4091 893 4154 Manat.
1002 4139 1005 4144 -
1077 4146 1081 4155 .
