2506 4808
330 299 628 388 rfrsrotn·
668 304 892 381 CLXXIV»
1068 322 1140 401 atr,

104 518 207 565 unum
229 495 312 562 illud
335 491 571 567 certissimum,
594 498 689 559 ouius
713 490 808 558 causa
827 497 966 559 inventa
986 513 1042 558 res
1064 492 1132 580 ipsa

105 599 170 672 est,
208 615 246 664 ut
272 603 435 662 certiores
460 582 653 660 faceremus
682 592 852 666 absentes,
886 591 907 657 fi
933 595 1012 678 quid
1034 596 1131 671 esset,

105 699 197 783 quod
221 720 280 763 eos
308 698 407 770 scire,
442 709 499 762 aut
521 695 652 768 nostra,
695 707 753 758 aut
775 693 923 782 ipsorum
949 696 1130 763 interesset.

104 801 216 874 Huius
247 804 384 888 generis
422 797 539 872 literas
570 821 589 883 a
616 820 672 862 me
696 797 853 885 profecto
887 819 956 861 non
989 806 1136 897 expetis5

107 900 264 971 Tuarum
294 906 384 967 enim
412 923 528 965 rerum
556 899 760 965 domesticos
790 898 895 964 haber
926 914 960 963 et
998 899 1134 988 scripto·

105 1024 179 1076 res,
202 1016 235 1077 et
254 1010 404 1070 nuntios.
447 1004 486 1069 ln
512 1007 595 1067 meis
621 1014 734 1065 autem
758 1004 860 1076 rebus
884 1001 967 1067 nihil
993 1000 1038 1066 est
1060 1001 1134 1069 sane

106 1109 197 1171 novi.
240 1104 382 1189 Reliqua
406 1104 480 1171 sunt
503 1102 714 1192 epistolarum
730 1125 856 1193 genera
871 1105 958 1177 duc,
981 1127 1063 1188 quae
1079 1126 1133 1169 me

107 1230 310 1296 magnopere
326 1205 521 1282 delectant:
562 1227 668 1270 unum
694 1194 875 1280 familiare,
910 1218 944 1269 et
964 1205 1112 1271 iocosum
1121 1231 1132 1291 5

107 1309 251 1385 alterum
274 1309 442 1385 severum,
473 1319 509 1382 et,
532 1328 646 1396 grave.
691 1305 779 1373 Utro
799 1329 855 1371 me
879 1313 991 1375 minus
1015 1309 1134 1374 deceat

106 1417 172 1501 uti,
195 1434 263 1475 non
285 1409 447 1492 intelligo.
491 1410 629 1474 Iccerne
651 1418 764 1471 tecum
785 1430 846 1496 per
858 1402 1001 1475 literas?
1023 1415 1133 1477 civem

106 1510 302 1580 mehercule
323 1533 391 1576 non
413 1524 497 1599 puto
521 1508 603 1582 esse,
637 1513 695 1591 qui
717 1513 927 1596 temporibus
946 1508 1002 1577 his
1023 1513 1135 1579 ridere

107 1615 216 1704 posfit.
262 1611 320 1680 An
342 1618 474 1698 gravius
496 1609 620 1693 aliquid
642 1607 808 1674 scribam?
842 1611 1010 1696 quidest,
1041 1615 1136 1698 quod

106 1714 203 1808 possit
217 1721 374 1803 'graviter
398 1735 415 1776 a
430 1713 599 1778 Cicerone
621 1710 718 1774 scribi
733 1712 773 1775 ad
792 1713 997 1786 Curionem,
1018 1713 1075 1779 nisi
1092 1715 1136 1779 de

107 1839 145 1883 re
163 1812 319 1905 publica?
348 1815 463 1904 Atque
479 1819 513 1877 in
535 1811 599 1877 hoc
616 1836 742 1901 genere
763 1812 846 1878 haec
864 1837 938 1906 mea
957 1816 1050 1879 causa
1069 1816 1134 1908 est,

108 1932 146 1984 ut
161 1941 269 2000 neque
285 1939 340 1991 ea,
363 1937 446 2000 quae
463 1913 586 1990 sentio,
607 1938 669 1979 nec
694 1937 778 1998 quae
799 1938 868 1979 non
886 1917 1008 1993 sentio,
1033 1919 1137 1983 velim

109 2019 267 2086 scribere.
291 2019 401 2110 Quam
413 2022 458 2082 ob
473 2040 556 2090 rem,
580 2022 737 2099 quoniam
751 2017 834 2082 mihi
849 2019 977 2084 nussum
994 2020 1136 2085 scriben-

108 2122 144 2184 di
169 2133 404 2208 argumentum
426 2119 583 2183 relictum
610 2118 674 2190 est,
711 2132 788 2183 utar
811 2141 847 2183 ca
874 2120 1035 2196 clausula,
1071 2142 1136 2204 qua

109 2220 219 2294 soleo,
253 2233 353 2304 teque
376 2216 416 2283 ad
440 2220 585 2285 studium
613 2221 758 2286 summae
782 2221 891 2288 sauciis
915 2223 1134 2288 cohortabor.

108 2324 166 2388 Est
186 2327 275 2386 enim
301 2324 363 2386 tibi
385 2327 494 2410 gravis
518 2321 699 2388 adversaria
724 2325 919 2397 constituta,
952 2338 986 2388 et
1005 2337 1135 2412 parata,
1217 2340 1224 2357 ·

108 2421 720 2511 incredibilisquaedamexspectatior
742 2448 841 2508 quam
860 2439 898 2489 tu
912 2449 978 2491 una
998 2450 1036 2490 re
1048 2426 1138 2490 sacis-⁸

109 2526 191 2592 lime
206 2532 340 2599 vinces,
359 2524 380 2588 si
403 2523 468 2590 hoc
483 2523 658 2599 statueris,
684 2548 823 2610 quarum
839 2527 974 2592 laudum
995 2528 1138 2616 gloriam

112 2629 296 2700 adamam,
318 2628 439 2710 quibus
459 2628 587 2692 artibus
603 2650 661 2692 eae
687 2618 802 2693 laudes
824 2645 1082 2717 comparantur,
1102 2637 1139 2696 in

109 2734 152 2797 iis
181 2728 521 2802 esseelaborandum.
565 2730 603 2792 In
625 2729 712 2794 hanc
736 2723 933 2793 sententiam
956 2731 1138 2797 scriberem

111 2831 218 2920 plura,
234 2826 291 2894 nisi
302 2842 336 2892 te
353 2843 409 2894 tua
424 2828 538 2916 sponte
550 2828 630 2903 ,satis
645 2837 823 2896 incitatum
835 2831 897 2896 esse
913 2830 1136 2898 confiderem:

112 2947 147 2998 et
174 2931 258 3006 hoc,
299 2930 460 3014 quidquid
483 2937 597 3018 attigi,
643 2957 712 2998 non
737 2936 801 2999 feci
829 2926 1058 3001 inflammandi
1088 2944 1139 3004 tui

112 3035 227 3108 causa,
256 3031 312 3096 sed
333 3029 530 3097 testificandi
552 3041 678 3099 amoris
696 3043 773 3100 mei.
817 3038 912 3102 Vale.
1132 3040 1137 3053 “

491 3251 761 3270 w

154 3416 240 3500 Epist
267 3419 434 3482 CLXXIV.
482 3429 600 3476 tuarum
700 3429 732 3475 ut
753 3440 846 3499 neque
873 3443 909 3479 ea
936 3443 1014 3502 qnae
1042 3427 1142 3500 sentid

113 3512 192 3566 enim
223 3526 323 3563 rerum
351 3506 522 3580 domesticos
550 3506 600 3559 ha·
647 3524 709 3560 'nec
737 3527 810 3580 qnae
831 3527 887 3563 non
920 3510 1017 3582 sentio
1054 3515 1144 3570 velim

112 3592 175 3673 bes]
192 3582 599 3668 SicantiqunsliberUrfini.
648 3587 801 3672 scribere]
824 3592 867 3650 lta
888 3611 971 3654 recte
993 3597 1145 3682 Marryni.

113 3675 600 3757 Vulgotuuramoaimrerumdoj
658 3675 785 3756 Lagona
820 3678 924 3737 edidit.
971 3680 1076 3762 Vulgo
1113 3692 1146 3739 ut

108 3762 298 3835 mesticarum
320 3763 414 3823 habes.
450 3761 601 3840 Monyri-
652 3776 798 3837 ,neque'ea
818 3783 895 3842 quae
911 3785 968 3820 non
985 3766 1082 3838 sentio
1096 3789 1147 3828 va·

113 3845 240 3928 languere
257 3845 368 3905 edidit:
392 3844 602 3911 tuarmnenim
656 3848 711 3904 sim
730 3850 868 3924 scribere.
912 3850 948 3908 ln
972 3870 1038 3929 quo
1067 3873 1147 3913 non.
1216 3860 1220 3874 s

114 3949 216 3990 rerum
226 3931 451 4004 domesticarum
464 3930 601 4003 domesti·
658 3930 736 3993 nulli
756 3953 816 4011 pro
838 3955 898 3992 aon
920 3935 1030 3999 eMrt.
1049 3937 1149 4001 dede·

113 4015 601 4097 costatesnttuorioverbiuqmq·
626 4090 630 4098 .
656 4033 731 4079 runt
748 4037 831 4080 nunc.

107 4103 253 4180 sticarum
262 4101 324 4158 iam
335 4089 411 4161 inest
424 4103 457 4162 in
472 4111 602 4158 tuarum.
648 4144 653 4153 .
