2506 4808
335 261 621 384 nerstein
672 312 826 405 cmm

1035 338 1094 405 ¹09

70 501 147 564 dem
170 498 353 574 adhortor,
378 496 420 564 lic
442 521 461 563 a
487 500 703 567 dimicatione
727 501 902 567 deterreo:
922 500 1093 586 redeoque

68 603 111 667 ad
131 603 234 675 illud,
255 603 344 684 quod
364 608 465 667 initio
488 600 607 689 scripsi,
628 608 732 668 totius
755 602 837 666 sacti
859 606 909 667 tui
930 605 1093 670 iudicium

67 727 138 769 non
152 717 220 768 tam
239 724 282 766 ex
299 699 435 768 consilio
450 713 529 778 tuo,
550 725 649 787 quam
664 724 706 768 ex
722 716 846 771 eventu
860 700 1014 771 homines
1029 702 1094 771 esse

67 806 233 869 facturos.
840 888 844 895 ,

174 905 276 994 Quod
299 901 320 966 fi
344 902 427 969 haec
450 908 537 969 ratio
558 908 608 971 rei
623 905 810 994 gerendae,
830 902 1013 995 periculosa
1029 909 1123 992 tibio

68 1003 133 1071 else
155 1007 341 1080 videbitur,
363 1007 515 1092 placebat
536 1005 637 1079 illud,
660 1020 715 1079 ut,
738 1005 758 1070 ll
781 1027 842 1071 rex
866 1011 982 1071 amicis
1006 1013 1095 1085 tuis,

68 1113 126 1191 qui
150 1130 212 1194 per
232 1097 438 1195 provinciam
468 1113 600 1195 imperii
630 1113 680 1172 tui
701 1113 861 1196 pecunias
888 1114 917 1173 ei
939 1106 1094 1175 credidis·

69 1208 160 1283 sent,
183 1205 283 1273 fidem
304 1207 394 1274 suam
408 1207 632 1297 praestitisset,
653 1221 687 1272 et
708 1208 840 1275 auxiliis
859 1196 935 1274 eum
952 1214 1038 1283 tuis,
1062 1223 1096 1277 et

71 1314 177 1396 copiis
208 1309 395 1376 adiuvares.
455 1312 536 1374 llam
566 1307 629 1375 esse
655 1321 827 1384 naturam,
864 1323 898 1376 et
922 1317 1097 1401 regionem

68 1416 263 1499 provinciae
284 1423 381 1485 tuae,
405 1427 442 1477 nt
463 1410 552 1476 illius
574 1411 720 1474 reditum
736 1408 789 1475 vel
809 1411 998 1481 adiuvando
1018 1437 1098 1481 con·
1174 1405 1177 1411 ¹

70 1512 245 1586 firmium,
280 1511 330 1578 vel
356 1511 557 1600 negligendo
579 1512 772 1599 impedires.
815 1512 855 1577 ln
881 1512 1097 1603 hacyationo

72 1616 152 1699 quid
175 1635 248 1688 ree,
278 1615 358 1697 quid
380 1611 491 1688 causa,
521 1612 603 1696 quid
625 1627 759 1700 tempus
786 1614 893 1689 ferat,
923 1629 960 1681 tu
983 1615 1097 1683 sacilli·

71 1740 144 1791 me,
169 1721 362 1802 optimeque
384 1712 580 1802 perspicies:
610 1714 690 1796 quid
712 1718 811 1779 nobis
831 1715 1021 1805 placuisset,
1052 1739 1096 1783 ex

70 1842 126 1885 me
141 1815 342 1906 potissimum
359 1823 472 1902 putavi
487 1827 519 1878 tc
537 1812 618 1878 scire
635 1827 807 1901 oportere.
915 1844 921 1853 ’

173 1917 274 2007 Quod
295 1914 376 1980 milri
399 1917 440 1979 de
462 1914 576 1981 nostro
598 1917 702 1989 statu,
733 1917 775 1980 de
797 1915 938 1983 Milonis
960 1915 1127 2010 familia-5

71 2024 190 2092 ritate,
220 2019 262 2082 de
280 2018 433 2091 levitate,
458 2031 492 2081 et
509 2015 743 2081 imbecillitate
767 2016 877 2085 Clodii
899 2020 1094 2106 gratularis:

72 2124 211 2184 minime
241 2125 420 2192 miramur,
459 2131 494 2182 tc
523 2123 608 2191 tuis,
646 2129 683 2180 ut
711 2123 884 2205 egregium
914 2119 1096 2198 artificem,

73 2221 255 2310 praeclaris
278 2225 437 2306 oporibus
460 2219 593 2282 laetari:
628 2241 825 2305 quamquam
853 2220 898 2287 est
919 2226 1099 2291 incredibi-

71 2323 115 2392 lis
134 2321 307 2387 bominum
324 2319 520 2408 perversitas
543 2323 713 2408 (graviori
729 2328 817 2386 enim
834 2326 938 2388 verbo
962 2332 1012 2390 uti
1027 2349 1097 2392 uon

73 2425 179 2509 libet)
202 2430 257 2508 qui
284 2442 365 2496 nos,
387 2442 469 2505 quos
492 2421 636 2486 favendo
658 2428 693 2487 iu
712 2429 883 2488 communi
909 2420 1002 2489 causa
1022 2432 1098 2490 reti·

74 2549 157 2594 nere
174 2521 375 2615 potuerunt,
399 2521 583 2586 invidendo
606 2523 850 2587 abalienarunt:
875 2544 1014 2607 quornm
1033 2510 1099 2591 ma·

69 2627 327 2695 livolentilsrmis
342 2628 648 2691 obtrectationibus
664 2646 728 2689 nos
754 2622 836 2693 scito
852 2623 897 2687 de
913 2639 1026 2691 vetere
1042 2627 1099 2693 illa

73 2730 204 2805 nostra,
225 2731 447 2812 diuturnaque
463 2727 627 2793 sententia
641 2746 746 2814 prope
760 2730 827 2790 iam
844 2723 908 2791 esse
923 2727 1099 2816 depulsae,

454 2933 723 2950 W
784 2936 789 2948 ι

115 3065 145 3135 4.
168 3059 216 3133 qui
236 3078 289 3132 per
309 3057 492 3130 provinciam
505 3054 558 3111 im·
615 3042 821 3113 tidie'contrn
838 3051 923 3135 leget
946 3065 977 3109 et
998 3047 1101 3113 bonon

71 3145 209 3218 perlitus
225 3145 359 3216 pecunias
378 3142 404 3198 ei
420 3141 559 3214 credidis·

66 3227 169 3310 setar]
193 3229 279 3289 lianc
299 3228 436 3285 Victorii
456 3227 560 3286 lectio·

74 3335 164 3386 nem,
185 3334 276 3392 qnmn
297 3311 348 3371 ille
371 3316 401 3369 in
417 3310 560 3371 omnibus

74 3394 144 3457 ΜΠ.
168 3403 326 3456 invenerat
351 3410 435 3455 recte
459 3413 560 3475 nuper

75 3486 205 3542 restituit
249 3482 385 3562 Mmtyni
400 3513 409 3526 ·
425 3481 561 3562 Lageina.

75 3565 147 3626 Post
171 3569 341 3625 Victoriam
367 3564 469 3624 vniot'a
493 3565 562 3625 Mo·

75 3653 155 3721 dicei
175 3653 288 3712 codicis
312 3649 455 3730 scriptum
477 3652 562 3711 iuvu-

75 3736 148 3796 luit:
172 3738 223 3816 qui
244 3757 299 3810 per
318 3738 502 3809 prouinciam
517 3744 561 3791 at·

77 3843 129 3898 que
151 3823 267 3895 imperii
289 3821 332 3876 tui
352 3822 519 3896 provincias
535 3818 564 3878 ei

74 3908 270 3980 credidissent.
474 3968 478 3974 ¹

120 4007 137 4060 ἢ
167 3994 289 4050 leuitate
303 4002 332 4047 et
347 3983 562 4069 imbecillitate]

140 4038 146 4047 ι

119 4050 130 4064 Χ.

75 4077 214 4148 levitate,
238 4095 333 4156 quum
349 4073 466 4154 aliquid
483 4091 563 4154 qno·

616 3143 697 3197 viros
713 3155 857 3212 conetur3
883 3139 1101 3207 imbecillitate,

617 3227 689 3305 quia
708 3224 795 3303 quod
812 3239 958 3292 conetur,
979 3220 1102 3282 ellicere

614 3328 686 3389 uon
713 3303 813 3385 pollii.
856 3304 1103 3366 Adversabentur

618 3409 721 3455 eutem
746 3391 867 3452 nefariis
895 3395 958 3449 eius
988 3395 1104 3450 coneri-

616 3479 674 3539 bus
685 3478 795 3537 Cicero
810 3478 958 3555 imprimis
973 3491 1002 3534 et
1011 3475 1103 3548 Milo,

616 3563 670 3625 ille
682 3557 820 3634 consilio,
843 3560 1104 3625 hicetiammanu.

617 3644 739 3705 Malim.

659 3723 753 3809 prime
781 3730 841 3788 iam
868 3728 922 3805 esse
949 3720 1105 3809 depulsos]

619 3822 673 3898 qui
689 3816 764 3893 baec
777 3814 868 3876 verba
887 3833 955 3877 cum
975 3831 1024 3890 ep.
1037 3812 1105 3873 106.

620 3919 651 3965 et
671 3921 736 3983 ²⁰9·
760 3899 924 3983 diligenter
942 3914 1108 3974 corripere·

619 3991 712 4056 verit,
748 4005 811 4046 non
843 3982 994 4045 dubitabit
1027 3979 1108 4040 banc

618 4069 781 4155 epistolem
800 4067 886 4130 haud
908 4066 1008 4127 exulto
1035 4060 1107 4147 poli
