2506 4808
308 329 599 401 nrrsronn
641 329 871 399 cxbvnu
1042 338 1106 419 237

75 519 238 596 assensus,
279 532 318 584 ut
351 520 393 584 de
425 540 503 605 agro
532 518 724 605 Campano,
762 517 934 602 frequenti
972 516 1108 594 senatu,

119 807 157 860 de
185 823 260 879 agro
294 793 466 881 Campano]
507 795 564 856 Le-
619 795 722 881 legem
742 796 828 867 tulit,
851 794 941 859 divisa
962 818 1029 860 non
1046 795 1107 871 est:

101 909 150 946 em
170 888 283 946 tulerat
301 881 411 943 Caesar
436 887 468 942 in
490 902 565 942 con·
620 903 678 942 nec
692 879 813 942 divisam
835 898 914 962 puto
931 900 1002 954 ante
1019 884 1106 961 civile

77 911 174 1034 sulam
191 973 231 1031 de
249 990 324 1054 agro
340 970 503 1044 Campano
521 967 565 1025 di·
620 966 745 1027 bellum.
788 967 899 1027 Scribit
928 974 1010 1029 enim
1030 967 1107 1030 haee

77 1057 234 1130 bidendo,
280 1050 442 1133 divisitque
480 1066 566 1112 extra
622 1052 751 1112 Coelius
764 1051 909 1114 Ciceroni
921 1051 994 1115 belli
1014 1054 1110 1114 civilia

78 1140 192 1202 sortem
227 1142 332 1222 viginti
362 1137 495 1198 millibus
525 1139 566 1195 ci·
619 1140 712 1197 initib
741 1134 794 1197 lib.
811 1138 893 1198 Vlil.
917 1141 946 1201 b.
969 1141 1000 1200 d.
1021 1141 1109 1200 Fam.

79 1231 160 1285 vium
184 1225 295 1307 quibua
321 1227 402 1284 terni
423 1222 567 1302 pluresve
622 1241 673 1300 ep.
694 1241 739 1282 ro.
773 1216 852 1279 lllud
869 1228 947 1282 addo
962 1229 1002 1281 ad
1015 1227 1106 1282 aetio-

78 1313 169 1370 liberi
185 1309 278 1370 essent
286 1353 296 1381 ,
322 1307 410 1389 quod
424 1328 460 1366 ex
468 1309 566 1366 Tran-
622 1328 672 1364 nes
683 1302 717 1368 C.
731 1302 867 1365 Curionis
880 1315 917 1368 de
928 1332 1003 1388 agro
1021 1306 1107 1366 Cam·

82 1397 178 1477 quillo
209 1392 412 1479 cognoscitur.
475 1392 567 1452 Duae
622 1413 718 1468 pano,
740 1395 777 1449 de
799 1415 853 1470 quo
876 1408 985 1472 negant
996 1390 1107 1478 ¹Caesa·

80 1486 224 1542 nimirum
252 1495 355 1560 parter
384 1490 473 1536 erant
501 1479 568 1559 agri
623 1499 686 1535 rem
699 1481 850 1550 laborare,
865 1481 922 1556 sed
936 1477 1109 1556 Pompeium
1189 1473 1192 1483 ¹

82 1567 254 1644 Campani,
275 1583 336 1623 nna
357 1559 501 1640 publica,
527 1560 568 1620 da
623 1566 711 1621 valde
732 1566 811 1620 nolle
836 1583 873 1621 ue
893 1574 1000 1623 vacuus
1018 1568 1110 1623 adue·
1195 1572 1204 1595 '

82 1672 144 1730 qun
160 1651 326 1709 Suetonius
347 1650 380 1706 in
397 1645 454 1705 lul.
476 1666 502 1705 c.
516 1666 567 1707 ιο.
624 1650 717 1706 aienti
746 1643 865 1724 Caesari
897 1663 1009 1726 parent.
1051 1652 1110 1709 Su·

82 1736 197 1811 Agrum
224 1738 343 1816 inquit,
384 1727 568 1805 Campanum
622 1732 723 1812 spicor
744 1749 845 1793 autem
868 1734 1046 1796 divisionem
1073 1733 1112 1794 il-

83 1825 123 1877 ad
139 1821 268 1894 subsidia
291 1820 337 1875 rei
358 1819 491 1892 publicae
518 1836 566 1872 ve·
622 1817 686 1877 lam
721 1833 792 1877 anre
831 1838 939 1879 necem
971 1818 1111 1880 Caesaris

84 1909 225 1981 ctigalem
246 1905 381 1960 relictum
398 1897 504 1976 Caesar
522 1901 566 1956 di·
622 1921 688 1961 non
702 1897 899 1962 effosactam.
942 1906 1113 1963 santenim

84 1993 152 2066 visit
165 1989 373 2063 extrasortrm
384 1986 567 2062 vigintimil·
624 1985 701 2044 baec
743 1993 776 2045 in
809 1985 937 2067 epistola
962 1990 1000 2048 D.
1022 1989 1111 2048 Bruti

83 2073 157 2132 libus
186 2075 312 2145 civium,
359 2075 462 2150 quibus
491 2062 569 2126 lernl'
624 2069 732 2150 scripta
753 2071 882 2132 Caesare
904 2089 1031 2133 mortuo
1055 2071 1110 2134 lib,

82 2164 219 2236 pluresve
238 2160 324 2215 liberi
346 2158 443 2231 essent.
485 2155 570 2214 Alte·
624 2156 663 2215 ll.
688 2177 736 2234 ep.
761 2176 808 2216 zo.
835 2170 959 2233 quatuor
985 2159 1111 2234 legioni·

83 2267 135 2315 ra,
159 2264 241 2326 quae
256 2239 469 2322 possidebatur
481 2260 497 2298 a
508 2243 570 2317 pri-
625 2245 675 2297 bus
692 2243 745 2312 iis,
772 2245 870 2316 quibus
891 2263 980 2320 agros
997 2247 1111 2300 dandos

84 2334 176 2399 vatis,
218 2335 315 2408 quam'
346 2331 407 2386 emi
437 2327 570 2404 pecunia
627 2326 788 2400 censuistis,
823 2331 909 2385 viden
928 2326 1112 2397 facultatem

83 2413 207 2493 publica
230 2428 261 2473 et
281 2410 368 2491 plebi
387 2415 461 2470 item
477 2409 571 2468 dividi
618 2410 693 2481 fore
707 2433 746 2467 ex
756 2414 838 2488 agris
851 2407 976 2470 Sullanis
993 2427 1022 2471 et
1035 2434 1113 2490 agro

86 2495 198 2557 Caesar
248 2495 401 2556 voluerat.
466 2496 573 2573 Atque
631 2491 794 2570 Campano.
837 2499 900 2556 Sed
936 2505 1115 2577 quaeritur.=

85 2581 166 2642 banc
188 2585 255 2664 agri
277 2581 429 2660 Campani
449 2594 572 2657 partem
628 2601 683 2640 cur
696 2602 736 2640 ao
752 2600 851 2661 usque
866 2584 1021 2662 producta
1037 2583 1113 2641 divi·

86 2671 119 2727 in
164 2682 244 2727 orat.
287 2687 337 2727 11.
375 2668 408 2725 in
443 2662 571 2722 Rullum
626 2664 671 2728 fio
696 2663 740 2724 fit.
782 2667 865 2746 Quia
886 2686 980 2746 quum
1001 2665 1114 2727 Caesar

87 2774 113 2812 e.
130 2765 179 2825 25.
202 2752 315 2810 Cicero
329 2746 493 2832 fignificat,
516 2746 572 2806 ubi
626 2749 831 2833 legerliibulo
844 2752 980 2812 dacaelo
993 2751 1112 2813 serven·

86 2839 126 2897 de
150 2840 275 2916 priuatis
303 2841 383 2917 agris
413 2838 445 2892 in
469 2831 573 2913 publi·
627 2851 677 2906 te,
701 2832 809 2896 contra
831 2835 960 2915 auspicia
982 2834 1111 2911 tulisset,

86 2944 156 2982 cum
174 2923 368 2997 Campanum
392 2921 573 2978 incurrenti·
627 2923 692 2981 eius
711 2938 776 2980 acta
796 2940 861 2981 non
881 2921 1012 2983 libenter
1028 2923 1115 2982 sena·-

85 3008 143 3066 bur
171 3006 320 3084 loquitur.
358 3004 445 3063 lllam
469 3017 573 3062 alitem
628 3019 677 3065 tus
722 3006 959 3084 comprobabat.
1028 3006 1118 3066 Nihil·

87 3094 267 3172 pecuniam,
308 3091 574 3168 quaemiapri·
630 3093 728 3161 enim,
763 3110 858 3171 quum
883 3092 923 3150 de
945 3091 1032 3151 caelo
1054 3092 1118 3167 ser·

86 3180 162 3236 varis
191 3182 257 3255 agri
278 3175 430 3252 Campani
452 3188 574 3250 partem
601 3237 605 3247 s
629 3189 771 3248 veretur,
814 3180 865 3258 agi
892 3196 961 3235 cum
988 3176 1118 3256 populo

86 3262 135 3320 lex
156 3261 234 3318 Julin
263 3258 409 3329 iubebat,
445 3257 577 3317 Clodiua
629 3273 765 3340 poterat.
797 3261 1114 3322 Abundamuaaxern-

88 3367 126 3405 ex
150 3347 270 3404 aerario
301 3341 453 3421 sumptam
480 3340 574 3401 Gabi·
629 3343 689 3424 plia
715 3345 762 3405 vel
787 3362 823 3403 ex
849 3345 915 3425 ipso
944 3348 1114 3418 Cicerone,

87 3437 142 3496 nio
157 3429 296 3488 dederat.
327 3429 407 3486 'Nec
422 3447 495 3485 vero
511 3426 575 3484 Ga·
629 3427 680 3487 vel
709 3445 910 3500 ex'veterum
944 3431 1115 3492 annalibus.

88 3515 173 3573 binio
187 3529 317 3582 tanturn,
334 3510 385 3570 sed
401 3516 465 3571 eiua
482 3514 574 3570 etiam
629 3513 757 3572 Dixerat
778 3518 871 3597 igitur
894 3514 972 3574 hanc
999 3515 1117 3575 senten·

89 3599 230 3678 collegae
247 3595 344 3656 Pisoni
365 3610 486 3675 partem
509 3598 578 3653 eiua
630 3601 704 3656 tiam
720 3600 849 3670 Cicero,
871 3616 904 3660 ut
922 3600 1022 3660 idibur
1040 3603 1117 3659 Maii

89 3675 241 3761 pecuniae
277 3680 406 3740 Clodius
448 3680 574 3761 largitur
631 3681 671 3740 d
687 3685 947 3766 agrocampann,
962 3687 1133 3765 frequenti.

91 3783 173 3836 erar,
198 3766 316 3846 quade
333 3786 369 3824 re
387 3768 514 3826 omnin
527 3764 576 3822 Pl·
630 3764 760 3838 senatu,
801 3770 978 3828 referretur.
1045 3771 1125 3848 Qua,

90 3851 197 3910 some.
222 3870 266 3910 ιι.
299 3849 385 3908 Haec
398 3854 490 3932 igitur
503 3868 575 3928 para
630 3849 778 3911 sententia
800 3855 971 3932 Pompeio,
1012 3870 1041 3913 er
1064 3859 1118 3928 iia,

90 3940 156 4019 agri
180 3936 330 4011 Campani
362 3939 445 3993 cuiua
468 3930 574 3993 divisio
633 3941 686 4016 qni
703 3936 825 3996 Caesari
843 3935 1023 4009 studebant,
1043 3944 1122 4000 inis

90 4018 247 4101 publicam
274 4023 437 4096 pecuniam
471 4023 576 4098 requi·
632 4037 697 4081 ctus
720 4029 815 4082 timor
831 4021 889 4093 ast,
911 4045 953 4083 ne
975 4024 1015 4082 de
1037 4023 1125 4084 infin-

90 4105 194 4180 rebat‚
222 4100 498 4166 Caesare-consulo
521 4106 578 4186 qui
630 4107 751 4179 mandit
771 4109 925 4170 amnibus
949 4112 1014 4171 aim
1031 4115 1119 4174 'aetia
