2506 4808
183 338 226 387 ao
412 310 696 380 EPISTOLA
743 314 973 382 LXXXIX.

174 507 249 576 tia,
275 507 401 567 virtute
428 510 505 563 tuae
531 497 712 564 verissimae
731 499 859 564 literae.
911 500 1054 569 Sextius
1083 505 1214 570 furere.

184 605 246 670 llle
267 601 398 691 postea,
432 597 454 661 fi
478 607 614 664 comitia
636 600 780 665 sunnon
803 599 942 675 fierent,
975 605 1054 668 urbi
1077 612 1215 671 minari.

184 702 358 792 Proposita
373 698 563 765 Marcellini
577 700 756 773 sententia,
776 724 874 784 quam
891 702 947 766 ille
963 704 1149 792 descripto
1168 712 1216 770 ita

184 807 331 876 dixerat,
348 814 387 866 ut
400 812 504 862 totam
519 801 668 865 nostram
683 800 812 880 eausam
830 824 938 876 areae,
959 807 1214 881 incendiorum,

183 906 329 996 periculi
352 907 436 973 mei,
471 901 598 966 iudicio
626 901 931 989 complecteretur,
964 926 1068 990 eaque
1096 914 1214 972 omnia

184 1010 332 1072 comitiis
347 1002 548 1078 anteferret,
577 1000 766 1090 proscripsit
784 1001 944 1077 Sextius,
964 1004 997 1068 se
1012 1030 1212 1094 peromner

184 1109 258 1172 dies
276 1103 462 1170 comitiales
477 1103 520 1165 de
534 1102 632 1166 coelo
644 1104 864 1167 servaturum.
885 1105 1079 1171 Conciones
1091 1109 1214 1172 turbu·

181 1207 295 1272 lentae
314 1203 464 1277 Metelli,
487 1211 687 1267 temerariae
701 1201 823 1291 Appii,
846 1203 1075 1270 furiosissimae
1087 1206 1211 1272 Publii.

182 1307 278 1372 Haec
298 1320 411 1370 tamen
435 1304 578 1369 summa:
599 1305 657 1370 nisi
672 1305 758 1369 Milo
781 1309 817 1366 in
839 1325 996 1391 campum
1017 1307 1211 1372 obnuntiat·

181 1405 248 1481 set,
282 1412 421 1472 comitia
448 1406 574 1471 futura.
617 1404 711 1471 Ante
739 1405 830 1469 diem
850 1423 921 1466 xn.
949 1405 1016 1471 kal.
1038 1407 1210 1474 Decemb.

561 1648 830 1662 *a*

179 1817 251 1874 roni
273 1809 431 1895 scripserat
450 1817 483 1874 in
500 1811 580 1874 banc
598 1813 666 1873 sere
720 1833 792 1874 nem
815 1812 896 1876 secra
908 1818 956 1873 via
970 1812 1211 1873 descendentem

177 1899 381 1960 senteutiam:
420 1895 571 1974 Horterrfii
598 1919 665 1956 corr·
718 1899 892 1977 lapidibus,
923 1898 1068 1968 fustibus,
1097 1899 1209 1980 gladiis

171 1983 359 2058 temeranter
372 1986 513 2041 virtutem
531 1991 562 2041 in
583 1994 664 2041 tuer·
720 1982 796 2045 ell'et
816 1984 982 2055 insecutus,
1013 1982 1111 2062 idque
1130 1983 1211 2042 iudi·

178 2070 219 2124 da
251 2091 284 2124 re
312 2072 389 2142 publ.
420 2070 582 2145 cognosces.
625 2068 665 2126 Et
719 2073 801 2130 cium
825 2085 861 2128 ut
894 2068 982 2127 fieret
1012 2084 1083 2131 ante
1112 2085 1210 2146 quem

178 2154 339 2229 constantia
356 2157 466 2211 virtute
487 2151 550 2214 fine
566 2172 665 2231 copu-
720 2159 844 2214 comitio
867 2151 1071 2223 haberentur,
1093 2152 1210 2232 quibua

176 2233 226 2306 la,
248 2235 358 2298 ufitata
381 2255 417 2299 ut
443 2239 497 2301 lib.
511 2239 610 2309 Xlll„
622 2236 664 2295 ad
718 2239 848 2298 Clodius
861 2241 956 2297 creari
970 2233 1072 2317 poll'et
1086 2234 1210 2302 aedilb,

175 2321 260 2382 Fam.
277 2343 328 2402 ep.
347 2337 396 2401 ²4·
416 2335 465 2395 ²8·
498 2319 618 2379 Manet.
717 2320 1097 2404 iudiciumqneeffugeret.
1116 2317 1207 2383 Man.

218 2417 288 2466 tuae
303 2408 489 2491 verissirrzae]
513 2410 662 2468 Graeviua
758 2409 930 2484 proscripsit
941 2402 1079 2488 Sextius]
1098 2405 1207 2490 Vulgo

172 2487 384 2553 beneaddidtt
398 2504 481 2565 tuae,
504 2508 538 2551 ut
552 2507 583 2553 et
598 2492 665 2569 pla·
715 2494 885 2568 proscripsit
904 2492 992 2552 nullo
1007 2489 1137 2551 nomine
1152 2492 1209 2550 ad-

173 2578 264 2636 cebet
278 2577 480 2657 Melaspinae.
515 2572 640 2650 Ernesti.

208 2660 338 2744 furere]
365 2661 462 2722 bomo
480 2662 661 2722 iracundus:

174 2765 269 2826 quem
279 2752 371 2806 etiam
379 2761 470 2806 notat
482 2745 660 2824 perversita-

163 2837 211 2890 tir
231 2834 304 2889 vitio
326 2835 358 2890 iu
385 2829 469 2911 episi.
497 2833 538 2890 ad
563 2833 661 2910 Quin·

172 2927 239 2973 tum
277 2915 326 2973 Fr.
343 2915 381 2974 II.
404 2928 434 2991 4.
471 2929 502 2976 et
534 2915 660 2986 fruere,

172 2997 262 3078 quod
278 3019 295 3057 a
311 2999 444 3067 Metello
468 3000 550 3061 diem
572 3004 661 3060 eximi

169 3081 298 3144 videret.
356 3079 476 3143 Marte.

213 3163 659 3253 illeposten]P.Clodiue.Mart.

213 3257 334 3311 comitia
356 3255 434 3338 sita]
473 3258 583 3335 quibus
609 3275 659 3312 tte·

169 3332 320 3399 dilitetem
368 3359 520 3421 petiturus
575 3353 657 3407 erat,

169 3438 265 3500 quum
279 3424 458 3487 candidatus
474 3421 555 3484 effer.
570 3419 657 3480 dian.

211 3513 453 3582 complecteretur
470 3543 505 3555 .-
528 3505 657 3574 aranfer·

168 3589 236 3671 ret]
259 3612 353 3672 quum
370 3592 539 3672 postularet
556 3606 590 3650 ut
612 3595 657 3648 iu·

718 2579 795 2639 dito.
836 2579 873 2638 ln
894 2597 959 2658 quo
976 2579 1136 2637 Manutius
1157 2598 1209 2635 re·

718 2679 768 2722 cte
787 2663 933 2722 refutavit
952 2681 1023 2732 aoe,
1045 2665 1098 2740 qui
1120 2660 1209 2722 Mer·

718 2747 861 2806 cellinum
890 2745 1018 2828 intelligi
1039 2743 1205 2823 putabant.

716 2833 796 2889 Num
824 2832 864 2890 de
889 2832 981 2890 coelo
1007 2828 1128 2888 servare
1150 2851 1207 2888 ne-

717 2920 792 2975 mini
819 2921 864 2974 itte
892 2932 976 2985 eret,
1019 2910 1074 2971 nist
1094 2919 1125 2971 ei
1149 2920 1208 2994 qui

716 2999 924 3080 megistretum
951 2997 1089 3081 gerebat.
1144 2999 1207 3057 Ita·

717 3105 778 3163 que
794 3085 840 3142 vel
856 3087 975 3144 Sextius
989 3083 1040 3142 vel
1057 3082 1138 3142 Milo
1160 3090 1209 3144 in·

715 3169 908 3247 telligendus.
958 3169 1098 3246 Uterque
1122 3175 1210 3228 euim

716 3252 970 3332 tribunusplebis
987 3269 1061 3311 erat.
1081 3254 1208 3312 Verum

715 3348 787 3415 quin
811 3334 879 3413 poll
904 3341 1092 3396 mentionem
1108 3340 1207 3399 Sextii

713 3423 845 3492 sectam,
878 3420 1076 3482 Marcellinus
1098 3428 1207 3480 nomi-

713 3523 802 3565 natus
823 3522 905 3577 eret,
929 3504 1091 3566 obscurum
1114 3503 1205 3581 esset,

714 3612 778 3668 quo
799 3597 964 3666 pertineret
981 3588 1108 3648 verbum
1130 3611 1205 3664 pro-

168 3675 280 3732 dicium
306 3681 396 3737 davi
428 3677 596 3737 bebetetur
624 3682 655 3734 in
704 3677 839 3750 scripsit,
881 3673 936 3733 niti
962 3670 1058 3730 Sextii
1080 3694 1205 3738 nomen

168 3759 333 3833 Clodium,
371 3759 458 3842 quod
484 3759 590 3822 tatros
613 3760 653 3818 de
710 3761 893 3833 adderetur,
912 3758 1205 3840 quodsacilepote·

166 3863 238 3907 area
275 3845 435 3907 Ciceronir
472 3841 652 3923 expulisset,
709 3861 757 3903 ret
783 3847 900 3913 omitti,
935 3842 958 3901 fi
983 3839 1050 3901 Sex.
1079 3845 1114 3918 se
1142 3866 1203 3919 per

164 3930 253 4007 quod
269 3930 396 3992 Milonis
413 3932 542 3989 domum
564 3946 594 3988 et
612 3931 651 4009 Q.
710 3950 807 3985 ‹rrnrres
823 3927 965 4006 scriptum
980 3925 1063 3988 ell'et.
1085 3927 1201 4008 Itaque

163 4017 324 4076 ciceroni:
337 4017 503 4075 incendere
523 4030 652 4073 conetur
712 4011 829 4071 Sextius
844 4012 1020 4070 addendum
1041 4011 1153 4071 censui.

161 4095 253 4172 esset,
283 4099 373 4179 quod
393 4101 440 4159 M.
462 4101 500 4160 T.
525 4100 665 4160 Cicero·'
749 4101 819 4156 daec
843 4108 940 4155 tranen
963 4095 1102 4178 summa]
1133 4100 1199 4160 Ta*
