2506 4808
174 313 220 395 aa
439 301 752 375 nrrsronn
819 306 918 376 cn.

177 493 268 582 quod
285 490 504 562 uehementer
524 491 681 558 interfuit
699 499 750 559 rei
766 493 938 583 publicae,
962 495 1092 560 nullam
1111 495 1216 562 videri

176 604 213 667 in
237 596 405 662 eiusmodi
428 591 523 658 causa
546 592 778 660 dissensionem
798 594 880 672 esse,
899 601 1062 661 omnibus
1088 595 1218 662 senten·

176 704 234 766 tiis
250 695 418 764 absolutus
436 694 495 759 est.
540 693 644 768 lllud,
669 697 759 780 quod
779 701 841 763 tibi
859 698 951 786 saepe
965 719 1069 764 curae
1088 696 1158 762 esse
1173 703 1218 763 in·

176 797 394 870 tellexeram,
431 817 474 860 ne
495 799 549 859 cni
569 799 686 878 iniquo
705 796 976 882 relinqueremus
1000 798 1219 886 vituperandi

175 897 309 971 locnm,
334 903 477 982 quinos
502 903 655 983 ingratos
681 896 745 962 esse
770 897 1001 973 diceret,nis1
1025 897 1121 965 illius
1147 918 1217 987 per·

176 998 369 1069 veritatem
386 995 586 1081 quibusdam
607 1002 642 1062 in
662 1001 763 1064 rebus
782 1021 881 1083 quam
901 998 1139 1066 humanissima
1155 1002 1218 1066 ser·

176 1122 308 1168 remus:
329 1096 412 1165 scito
428 1097 493 1164 hac
514 1118 576 1163 nos
592 1101 628 1161 in
645 1120 686 1163 eo
706 1099 834 1164 iudicio
851 1098 1052 1166 cottsecutos
1070 1100 1163 1176 esse,
1178 1112 1218 1167 ut

177 1207 330 1268 omnium
350 1197 522 1288 gratissimi
543 1198 784 1265 iudicaremur.
830 1200 917 1265 Nam
941 1205 976 1264 in
993 1201 1217 1269 defendendo

176 1301 311 1368 moroso
343 1300 480 1366 homine
513 1299 766 1367 cumulatissime
799 1299 1045 1378 satisfecimus,
1084 1318 1123 1370 et
1155 1303 1217 1383 (id

178 1404 270 1488 quod
291 1401 346 1468 ille
370 1408 515 1468 maxime
542 1406 721 1491 cupiebat)
745 1402 935 1476 Vatinium,
971 1424 1078 1488 aquo
1105 1405 1218 1495 palam

177 1507 451 1592 oppugnabatur,
475 1507 640 1569 arbitratu
664 1502 776 1569 nostro
800 1503 1034 1578 concidimus,
1065 1505 1136 1572 diis
1160 1505 1218 1573 bo-

179 1606 399 1690 minibusque
421 1605 669 1694 plaudentibus.
712 1605 805 1695 Quin
826 1611 928 1669 etiam
942 1602 1077 1673 Paullus
1103 1609 1218 1679 noster

179 1726 285 1793 quum
297 1703 388 1773 testis
405 1708 594 1795 productus
612 1707 690 1773 esset
704 1704 917 1779 inSextium,
937 1705 1167 1784 confirmavit,
1187 1709 1217 1776 se

178 1827 308 1880 nomen
324 1806 452 1873 Vatinii
474 1809 686 1883 delaturum,
716 1805 737 1871 ss
759 1807 878 1872 Macer
900 1808 1050 1874 Licinius
1080 1825 1218 1875 cuncta·

176 1921 290 1976 retusa
316 1922 351 1974 et
366 1909 486 1976 Macer
507 1909 654 1976 aSextii
678 1906 837 1974 subselliis
859 1907 1020 1982 surrexit,
1046 1931 1085 1975 ac
1110 1910 1144 1976 se
1168 1911 1217 1978 illi

175 2010 472 2077 non'desuturum
494 2011 685 2078 assirmavit.
730 2006 821 2099 Quid
846 2007 1005 2094 quaeris?
1030 2009 1138 2078 homo
1163 2033 1219 2104 pe·

169 2176 174 2189 ³
218 2207 466 2292 oppugnabatur]
489 2207 563 2268 dixit
584 2213 666 2268 enim
766 2202 908 2290 Paullus]
925 2207 957 2266 L.
967 2207 1115 2271 Aetnilius
1126 2210 1219 2272 Paul.

175 2291 384 2357 testimonium
397 2296 538 2355 Vatinius
552 2295 666 2355 lnSex·
722 2289 772 2352 sus
794 2293 839 2352 M.
861 2293 893 2352 F.
917 2289 1055 2355 Cabrino
1080 2310 1112 2355 et
1138 2295 1219 2358 Mes·

175 2385 262 2442 tium.
308 2377 427 2440 Manus.
720 2376 794 2439 salla
823 2374 905 2439 eoff.
930 2383 966 2437 Α.
998 2378 1037 2438 U·
1070 2381 1106 2441 G.
1139 2381 1216 2448 Dec.

181 2500 193 2511 =
210 2460 664 2608 arbitratunostrocnnct'dt'ntusfl
720 2479 867 2544 praetor,
911 2462 1024 2522 deinde
1047 2465 1082 2524 Α.
1111 2465 1151 2529 U.
1181 2469 1215 2530 C.

176 2555 321 2612 oratione
358 2555 390 2610 in
425 2552 597 2620 Vatinium,
722 2547 1217 2613 DecutcanlutaquMar·

174 2640 283 2719 potius
310 2636 557 2716 interrogatione
587 2653 669 2715 quae
726 2631 830 2694 cello.

177 2718 283 2783 exstat.
769 2715 873 2782 Macer
891 2715 1043 2802 Licinias]
1067 2719 1110 2781 ess
1123 2723 1159 2784 C.
1168 2724 1217 2784 Li·

217 2796 668 2882 plaudentibus]Peffimeenim
725 2806 819 2864 cinius
844 2806 973 2877 Calvus,
996 2804 1085 2865 frisius
1109 2808 1217 2870 Licinii

123 2900 125 2907 “
173 2889 335 2950 Vatinium
358 2906 466 2947 omnes
490 2908 587 2947 onere
611 2886 668 2948 ho·
724 2889 824 2948 Macri
835 2933 843 2960 ,
873 2911 965 2971 quem
987 2892 1100 2952 Cicero
1125 2915 1216 2972 prae·

173 2971 429 3035 minesoderant.
473 2973 668 3052 ExquoCa-
723 2985 775 3032 tor
804 2974 843 3033 da
878 2977 1058 3055 repetundis
1092 2978 1216 3040 accus·

174 3058 284 3121 tullus:
307 3058 428 3132 adissem
453 3063 490 3115 de
514 3062 583 3114 odia
611 3055 665 3114 Va·
723 3046 788 3116 tum
806 3059 1015 3120 damnaverat.
1060 3061 1149 3124 Brut.
1164 3075 1214 3137 8¹·

175 3147 299 3204 Mauo.
313 3178 344 3194 -
367 3144 548 3203 Macrobius
565 3143 665 3203 libis.
723 3143 763 3202 ad
780 3143 848 3203 Div.
864 3147 931 3206 XV.
955 3165 1004 3205 ar.

173 3230 298 3292 saturn.
344 3224 509 3304 Lapidarias
533 3251 553 3285 a
572 3249 665 3302 popu·
764 3249 799 3284 nc
811 3230 846 3303 se
868 3232 914 3286 tlti
936 3250 993 3287 nan
1017 3229 1213 3318 defuturum]

174 3317 204 3374 lo
226 3310 377 3387 Vatinius,
400 3337 492 3395 quum
515 3315 665 3391 gladiata-
722 3312 850 3374 Vatinio
868 3320 990 3394 potius,
1014 3337 1108 3396 quam
1124 3319 1217 3379 Paul·

173 3401 253 3460 rium
276 3420 378 3458 ananus
397 3404 514 3469 aderet,
537 3401 665 3456 abtiaue·
721 3395 771 3472 103
791 3396 821 3458 h.
839 3420 864 3458 e.
882 3392 912 3458 se
928 3397 987 3460 asle
1000 3403 1215 3464 Variniodient

173 3497 247 3560 rat,
261 3499 293 3545 ut
312 3489 422 3545 aediles
438 3488 605 3554 edicerent,
630 3504 665 3540 ue
722 3483 894 3555 dicturum,
919 3487 1008 3565 quod
1024 3487 1147 3548 videtur
1170 3491 1216 3549 se·

93 3631 96 3638 ,
172 3574 240 3653 quis
265 3576 439 3631 saturanum
463 3571 518 3645 uisi
538 3589 665 3643 paruum
721 3564 802 3628 cisse.
852 3570 933 3629 Nam
960 3587 1069 3636 ructor
1094 3573 1213 3635 diala·

172 3658 279 3734 anistffe
295 3661 392 3716 uellet.
439 3652 529 3712 Forte
546 3655 583 3708 ils
601 3654 662 3711 dia·
720 3654 761 3713 de
791 3654 967 3714 oratoribus
996 3653 1015 3714 s.
1047 3656 1088 3715 de
1118 3679 1176 3718 cau
1200 3676 1217 3720 s

170 3743 222 3800 bus
241 3740 382 3818 Casellius
402 3741 476 3797 iuris
500 3739 661 3813 consultus,
720 3755 889 3818 corruptae
910 3739 1121 3820 eloquentiae.
1145 3745 1219 3806 Μ..

171 3830 317 3905 causatius
333 3827 493 3903 aquodam
508 3843 665 3885 reumaux
720 3828 802 3882 xime
844 3824 959 3902 probat
1002 3825 1215 3890 accusationes

168 3919 260 3990 pinea
273 3933 385 3988 panum
399 3910 486 3984 esset,
500 3910 531 3985 sl
555 3910 585 3965 ia
604 3907 665 3973 Vn.
722 3906 808 3968 Calvi
824 3914 949 3989 quaein
966 3911 1123 3971 Vatinium
1140 3934 1217 3976 coo·

170 4001 279 4057 tiniam
301 3996 437 4072 missurus
460 4012 507 4064 es,
546 3997 667 4078 inquit,
719 3991 907 4065 scribentur,
930 4001 1152 4078 acpraecipue
1173 3999 1216 4061 se·

171 4103 283 4158 panum
304 4082 354 4157 ast.
376 4113 418 4129 -
460 4076 583 4140 Manui.
718 4077 855 4141 eundem
871 4084 1062 4145 orationem·
1090 4080 1216 4147 Mouet,
