2506 4808
222 292 505 363 uuisrouu
553 294 705 367 exus.
914 317 979 393 2⁸,

89 483 166 551 mihi
185 496 242 560 te,
273 483 423 560 liberos,
452 491 620 574 patriam,
642 486 818 570 fortunas3
842 488 906 556 tibi
924 512 979 558 ve·

96 587 174 671 quid
193 592 370 673 eripuerit,
396 601 651 674 praeteriturum
675 609 741 650 me.
786 586 858 654 Sed
882 604 978 669 certe

89 685 130 751 ihi
152 694 267 753 omnia
288 687 419 775 semper
441 686 596 763 honesta,
627 701 662 752 et
681 690 829 754 iucunda
850 694 978 759 cecide·

108 811 165 853 me
186 792 248 854 tibi
270 789 381 855 luctus
404 811 498 855 meae
514 789 726 863 calamitatis,
747 803 861 856 metue
884 805 978 869 tuae,

89 912 167 965 um,
191 912 344 967 maeror,
376 891 531 958 solitudo.
574 891 648 978 Ego
669 902 704 954 te
725 890 843 956 videre
861 891 979 958 ualue-

89 1010 260 1078 rrmovero
283 1017 337 1059 me
360 1007 431 1060 ate
445 993 555 1060 videri
575 989 680 1055 nolui.
723 989 803 1056 Non
828 998 919 1056 euim
932 999 978 1059 vi·

88 1106 202 1158 ⁴acrem
217 1109 331 1181 tuum3
354 1118 425 1163 non
442 1116 538 1168 eum,
560 1114 662 1177 quem
678 1091 884 1176 reliqueras3
904 1116 978 1159 non

88 1216 179 1279 luem
208 1218 328 1279 noras3
361 1218 433 1263 non
448 1216 544 1268 eum,
578 1214 680 1278 quem
706 1191 791 1258 fleus
819 1191 978 1272 flentem,

90 1309 207 1361 entem
236 1297 452 1388 proficiscens
483 1294 672 1376 dimiseram
719 1315 763 1358 ne
797 1293 975 1383 vestigium

97 1404 191 1472 eius,
213 1419 276 1463 nec
299 1398 530 1480 simulacrum3
560 1395 616 1462 sed
636 1393 802 1479 quandam
826 1393 975 1485 effigiem

88 1520 97 1565 ς
121 1505 259 1564 mortui.
303 1500 423 1584 Atque
447 1506 577 1566 utinam
600 1517 656 1561 me
678 1508 852 1560 mortuum
875 1505 972 1586 prius

88 1643 96 1676 ,
121 1612 179 1664 aut
193 1596 352 1665 audisses!
374 1598 514 1664 Utinam
530 1613 565 1665 te
583 1620 658 1664 nou
673 1596 778 1663 solum
792 1603 896 1673 vitae,
917 1599 973 1664 sed

88 1707 234 1789 ‚gnitatis
252 1723 346 1767 meae
365 1699 575 1789 superstitem
592 1694 813 1782 reliquissem!
834 1697 906 1766 Sed
926 1714 974 1766 te·

88 1824 149 1868 nes
165 1804 268 1877 deos,
290 1825 344 1867 me
362 1800 427 1867 hac
448 1820 648 1868 univoce-a
667 1812 779 1863 morte
798 1799 862 1865 esse
878 1823 974 1868 revo-

97 1904 191 1988 quod
213 1926 334 1970 omnes
355 1909 391 1969 in
409 1922 483 1966 mea
497 1907 564 1967 vita
575 1913 709 1990 partem
732 1899 876 1985 aliquam
894 1915 972 1969 tuae

87 2004 231 2093 spositam
258 2004 321 2069 esse
345 2004 513 2077 dicebant.
557 2000 670 2092 Quare
688 2007 843 2089 peccavi,
874 2001 971 2070 scele-

105 2106 199 2172 fect·
242 2106 331 2170 Nam
358 2103 380 2168 si
408 2102 616 2177 cecidissem,
651 2125 745 2168 mors
766 2102 835 2190 ipsa
860 2127 972 2170 meam

87 2231 119 2282 1,
146 2228 362 2291 amoremque
385 2211 421 2269 in
442 2217 477 2269 te
500 2204 598 2268 facile
616 2203 828 2269 defenderet.
851 2204 971 2272 'Nunc

87 2353 110 2387 1,
131 2323 168 2388 ut
183 2313 260 2385 vivo
277 2330 330 2372 me
346 2326 499 2378 careres,
524 2311 600 2370 vivo
617 2327 671 2369 me
687 2303 759 2367 aliis
776 2305 950 2392 indigeres
960 2328 971 2392 ;

87 2433 98 2474 r
121 2417 157 2474 in
172 2408 364 2475 domesticis
380 2403 539 2495 periculis
557 2403 758 2492 potissimum
778 2404 972 2485 occideret,

87 2535 136 2600 epe
152 2507 352 2575 alienissimis
369 2498 533 2597 pracsidio
552 2505 674 2575 suisset,
717 2503 805 2569 Nam
820 2507 910 2588 quod
928 2508 971 2571 ad

105 2612 172 2675 sme
195 2610 304 2676 literis
320 2621 509 2681 venerunt,
531 2611 688 2688 quoniam
704 2605 799 2670 vides
812 2628 884 2673 non
897 2606 972 2671 suis·

86 2714 195 2779 rdiam
210 2718 248 2776 in
263 2711 373 2786 causa,
395 2722 487 2774 certe
507 2711 645 2796 pigritia
659 2705 741 2782 suit,
759 2719 794 2771 et
808 2695 972 2794 quiedam

319 2957 589 2979 Q

86 3156 109 3197 n
122 3132 323 3212 tenonsolum
333 3135 427 3220 vitae]
483 3135 580 3216 idque
594 3127 693 3216 ipsum
715 3135 896 3215 exprimitur
913 3127 972 3195 ser·

102 3242 151 3284 res
173 3238 202 3281 et
222 3220 369 3284 sementia
386 3229 428 3281 vi·
484 3220 732 3282 veroverborum
743 3221 863 3292 ordine,
876 3239 972 3301 quem

86 3331 95 3368 r
111 3305 285 3388 postulare,
304 3323 339 3367 ut
354 3305 430 3367 esset
484 3302 553 3365 urii.
564 3319 595 3364 et
610 3307 681 3366 edd.
697 3320 805 3366 tenent
816 3302 972 3368 consensui

86 3415 132 3450 um
176 3396 333 3468 diguitatis
371 3394 428 3467 sed
525 3392 708 3448 iracundiam
725 3393 754 3447 in
770 3388 868 3471 causa]
885 3390 973 3451 Hanc

86 3491 143 3539 tae.
186 3478 284 3556 Quod
306 3495 362 3536 cur
384 3478 427 3536 ilis
483 3473 830 3554 sectionemfpraetuli,
865 3489 899 3534 ut
928 3472 974 3532 se·

85 3587 101 3635 z,
118 3581 184 3624 non
196 3558 348 3642 assequor.
370 3562 429 3621 sm·
484 3559 649 3639 quentibue
666 3558 858 3639 aptissimam,
874 3578 973 3639 quum

87 3670 119 3708 m
151 3650 261 3706 Cicero
295 3643 428 3706 dixisset:
483 3645 537 3703 eiii
556 3643 692 3705 habeant
716 3645 887 3702 iracundiae
905 3664 974 3700 cau·

86 3752 127 3790 ne
162 3742 311 3789 mortuum
345 3734 429 3806 prius
478 3730 538 3804 sa,
576 3729 743 3790 Lambinus
787 3732 972 3786 iracundiam

90 3816 429 3895 rectepoteretadde·
485 3815 608 3889 causam.
672 3815 824 3873 Gruterus
866 3811 973 3872 descu-

85 3923 123 3961 ue
152 3905 265 3959 utinam
293 3921 340 3958 me
371 3921 428 3958 non
485 3899 558 3957 dum
611 3897 753 3959 censebat
796 3899 897 3974 causa,
940 3902 972 3956 es

85 3976 217 4057 irturua,
229 3987 285 4060 sed
302 4007 366 4042 cum
383 3988 427 4044 di·
484 3999 605 4042 tantum
620 4005 678 4042 aaa
693 3983 786 4062 fuiffe
801 3982 972 4041 iracundiae

95 4084 248 4131 mortuum
289 4073 427 4148 vidisse&
482 4067 661 4152 legendum.
964 4068 967 4073 ⁴

85 4210 129 4271 up,
155 4193 230 4248 Tam.
243 4186 267 4240 s·
831 4156 868 4225 T
