2506 4808
225 286 506 385 emstonn
544 287 705 380 xx1x.'
911 316 983 402 ”us

87 502 144 574 rod
155 505 398 573 tibihominum
412 499 572 576 iniuriae,
584 495 868 586 uuod'avaritiam
892 500 984 584 quod

87 615 144 678 ntia
165 592 305 699 praeter
327 608 524 694 opinionem
546 603 737 678 accidebat,
775 614 810 666 et
830 601 987 668 intolera-

87 694 250 796 idebatul3
264 734 266 740 ·
281 706 447 772 secundus
473 712 586 770 autern
605 704 716 771 multo
737 700 866 779 leuior,
892 698 986 788 quod
1103 732 1140 759 ,-

87 812 233 887 nerino,
254 823 289 875 et
303 813 400 881 ratio,
423 818 459 872 et
471 812 523 892 (ut
537 824 602 897 ego
618 806 781 889 arbitror)
795 826 890 870 meae
906 815 989 889 qno'-

87 933 170 984 terae
196 929 231 980 te
257 912 513 1002 patientiorem,
534 904 792 990 'lenioremque
815 907 989 973 lecentnt':

105 1036 212 1085 annus
230 1022 276 1080 ita
298 1011 361 1078 csse
384 1010 486 1078 debet
504 1010 722 1083 emendatus,
765 1020 804 1075 ut
817 1018 872 1074 'ne
893 1015 992 1077 ruhi·

87 1120 220 1210 quidem
248 1133 325 1181 rem
351 1114 530 1200 quisquam
556 1108 655 1201 posht
681 1110 786 1177 ullam
805 1106 990 1205 rep'trelte'ut

87 1328 179 1392 :iam
201 1312 368 1386 hocloco
385 1332 456 1384 non
480 1313 696 1392 hortatione,
728 1335 840 1402 neque
852 1324 989 1407 praeco
1001 1327 1040 1372 ¹¹

87 1424 127 1492 ed
141 1424 302 1515 precibus
317 1433 431 1485 tecum
446 1421 604 1487 fraternis
622 1440 702 1507 ag03
729 1426 841 1484 totum
862 1406 902 1485 nt
922 1410 992 1484 ani-

103 1546 241 1598 curam,¹
264 1526 573 1610 cogitationemque
592 1532 685 1587 tuam
706 1542 815 1609 ponas
830 1524 993 1587 inomni·

87 1626 142 1692 tde
164 1624 319 1708 undique¹
337 1620 537 1711 colligenda.
601 1620 704 1717 Quod
725 1620 745 1686 i
766 1628 802 1688 in
826 1623 992 1687 mediocri

87 1727 248 1802 emonis,
279 1724 318 1790 ac
332 1720 601 1813 praedicationis
624 1723 756 1809 nostrae
780 1724 991 1791 res·‘essent':

87 1829 122 1896 hs
138 1842 173 1893 te
189 1830 369 1901 eximium,
396 1823 482 1891 nihil
495 1838 630 1914 praeter
652 1826 794 1894 aliorum
818 1825 994 1892 consuetu·

106 1926 346 2021 postttlaretur,
368 1970 373 1979 ·
410 1926 514 1994 Nunc
531 1946 613 1996 vero
635 1928 784 2018 ‘propter
804 1948 921 1994 earum
942 1930 994 1992 re·

87 2034 122 2098 iu
146 2032 270 2116 quibus
292 2026 412 2097 versati
437 2026 579 2105 summ,
603 2023 837 2119 splendorem,
871 2036 906 2096 et
928 2025 995 2096 ma·

87 2135 213 2208 inem,
242 2128 300 2196 nist
323 2130 486 2196 summam
508 2128 645 2198 landem
670 2150 713 2197 ex
737 2130 794 2198 illa
818 2134 995 2222 provincii

87 2256 187 2308 mur,
204 2239 261 2299 vix
277 2234 432 2328 videmur
445 2233 607 2327 summam
621 2236 902 2324 vituperationem
923 2235 996 2324 pos·
1105 2230 1109 2237 ’

87 2357 140 2402 τε.
184 2336 233 2401 Ea
247 2336 361 2402 nostra
383 2338 469 2401 ratio
494 2334 557 2410 est,
581 2322 620 2401 ut
642 2354 763 2403 omnes
786 2334 868 2402 boni
890 2360 996 2421 quum
1069 2404 1079 2419 ‚

87 2440 317 2514 ammutium
334 2443 466 2505 anobis
488 2458 626 2505 omnem
643 2439 878 2526 diligentiam,
894 2444 998 2505 virtu·

88 2553 167 2604 eet
189 2540 379 2628 postulent,
417 2554 452 2606 et
484 2542 698 2629 exspectante
741 2561 863 2604 omues
885 2544 997 2605 autem

87 2645 118 2709 bi
145 2642 258 2725 (quod
284 2665 361 2707 cum
384 2646 426 2707 iis
453 2643 578 2707 bellum¹
602 2642 810 2729 suscepimus
829 2640 999 2728 sempiter-

87 2740 137 2806 vel
155 2748 294 2806 minima·
313 2766 351 2829 rc
374 2744 415 2807 atl
435 2743 759 2832 reprehendendum
783 2744 937 2808 contenti
954 2740 999 2809 es·

87 2855 213 2908 eantur.
266 2845 379 2935 Quare
400 2839 560 2927 quoniam
583 2842 752 2909 theatrum
776 2850 843 2937 tuis
867 2843 1000 2912 virtuti-

87 2946 109 3010 lt
131 2945 265 3019 clatum,
294 2945 490 3010 celebritate
510 2944 776 3020 refertissimum,
800 2946 1001 3033 magnitudi-

87 3045 301 3134 nplissrrnum‚
342 3047 468 3112 iudicio
501 3045 772 3121 eruditisfimum,
805 3061 924 3113 natura
946 3070 1001 3115 aut·

87 3161 125 3213 ,ta
144 3147 325 3222 resonans,
362 3154 531 3231 utusque
555 3146 699 3213 Romam
723 3147 1003 3238 fignificationes‚

352 3312 623 3331 m

87 3415 183 3505 lebat]
222 3417 362 3483 Ernestio
379 3421 461 3482 vide·
517 3423 639 3565 tmpus}
667 3414 711 3484 est
749 3419 911 3490 Gruterus,
967 3423 1004 3490 In

87 3506 124 3567 sse
150 3507 283 3580 debere,
312 3509 463 3564 acciderat
516 3509 560 3566 Be
589 3510 700 3570 arionis
756 3509 837 3571 libro
896 3511 1005 3575 aberet

86 3590 253 3662 :fecerant⁸
519 3591 622 3669 Asiae,
649 3593 737 3673 quod
758 3590 821 3654 fine
847 3595 945 3657 dubio
968 3618 1005 3657 ex

92 3683 239 3735 theatrum
263 3679 331 3734 tuis'
345 3675 465 3735 virtuti·
516 3672 618 3762 'glossa
638 3674 764 3738 acceffit.
798 3679 1006 3763 Nosquoquc

106 3763 143 3822 In
172 3763 242 3823 edd.
272 3775 345 3822 vett.
380 3779 462 3822 erat:
517 3761 660 3827 voculam
673 3765 1007 3841 eiusmodidelevimus,

87 3867 115 3903 m
145 3849 292 3904 eiusmodi
316 3850 463 3904 theatrum
517 3844 810 3931 'quaeliicpror'sue
833 3851 930 3912 oti'osu
952 3849 1006 3924 est,
1114 3881 1119 3889 ¹

87 3935 130 3990 ius
152 3930 256 4008 Afiae,
279 3929 387 3993 omisso
403 3935 463 3990 vir·
520 3949 551 3994 et
569 3953 679 3992 nexum
705 3939 851 4005 orationis
871 3933 984 3996 turbet.

101 4016 145 4092 eft
159 4019 272 4088 daturo,
296 4017 384 4098 quod
401 4021 464 4099 pri·
555 4015 790 4094 fignificattones
845 4014 1008 4104 uocesque]

87 4106 215 4165 ictoriut
240 4102 361 4164 eddidit
381 4101 464 4164 secu'-
521 4098 575 4164 hus
599 4124 649 4183 ep.
666 4104 783 4180 edlu.
797 4101 821 4168 1.
863 4105 1009 4186 latentia·
