2506 4808
288 310 577 387 EPISTOLA
621 306 900 387 Lxxxvnt.
1065 322 1121 398 r}

77 497 286 594 gravissimae
310 501 521 568 dicerentur:
544 498 671 565 senatui
694 495 846 584 placere,
866 494 951 562 mihi
970 497 1112 569 domum

78 605 229 677 restitui,
249 609 421 691 porticum
439 602 551 670 Catuli
573 598 696 673 locari,
720 605 955 665 auctoritatem
979 603 1110 669 ordinis

12 726 14 730 ’
79 708 123 772 ab
143 707 305 770 omnibus
329 699 754 792 magistratibus‘defendi3
801 697 935 784 fiquae
956 708 1007 769 vis
1030 703 1111 771 esset

78 810 189 881 facta,
208 805 358 871 senatum
375 803 658 875 existimaturum,
681 806 753 869 eius
768 823 871 888 opera
885 802 1014 866 factum
1031 802 1112 881 esse,

81 915 142 994 qui
156 908 289 973 senatus
308 903 460 971 consulto
473 900 716 969 intercessisset:
739 899 911 967 Serranus
919 910 1094 991 pertimuit
1100 931 1111 991 ς

79 1022 116 1075 et
137 1010 343 1074 Cornicinus
367 1005 408 1070 ad
431 1004 521 1070 suam
541 1015 691 1068 veterem
712 1001 860 1068 fabulam
883 1005 1001 1084 rediit;
1023 1010 1111 1072 abie·

81 1123 138 1174 cta
159 1122 258 1196 toga,
277 1105 309 1171 se
326 1105 367 1170 ad
384 1110 503 1195 generi
523 1102 627 1192 pedes
644 1106 776 1169 abiecit.
817 1102 879 1167 Ille
892 1119 1031 1172 noctem
1052 1107 1112 1181 sibi

78 1209 275 1298 postulavit:
300 1233 370 1275 nou
394 1207 638 1274 concedebant.
681 1201 996 1274 Reminiscebantur
1018 1217 1115 1285 enim*

80 1309 288 1375 kal-Ianuar.
308 1311 375 1377 Vix
388 1322 502 1375 tamen
518 1307 561 1372 de
578 1303 835 1381 mervoluntate
849 1309 1036 1376 concessum
1051 1314 1087 1385 es
1099 1358 1110 1378 .

79 1409 246 1475 Postridie
268 1409 607 1478 senatusconsultum
626 1404 820 1472 factumest
840 1408 895 1480 id,
916 1413 1005 1494 quod
1019 1415 1061 1490 ¹ad
1075 1427 1112 1481 tn

81 1507 164 1574 misi.
208 1509 344 1575 Deinde
369 1509 520 1575 consules
544 1517 717 1597 porticum
738 1507 849 1574 Catuli
871 1511 1112 1587 restituendam

84 1608 256 1677 locarunt:
277 1611 369 1676 illam
388 1616 558 1702 porticum
581 1612 820 1701 redemptores
837 1609 946 1678 statim
966 1612 1041 1682 sunt
1054 1616 1111 1689 de·
1211 1643 1215 1652 ·

458 1833 728 1859 Μ

126 1976 334 2031 audoriratem
350 1970 487 2057 ordinis]
503 1972 571 2033 Vo·
625 1971 774 2035 Lentulus
793 1970 854 2036 eos.
876 1971 980 2037 retulit
1003 1973 1044 2037 de
1063 1997 1113 2041 re-

83 2053 234 2120 luutetem
250 2057 370 2119 senatur
388 2056 430 2118 de
445 2057 571 2117 Cicero·
625 2054 783 2119 stitutione
816 2059 975 2120 Orceronir
1017 2066 1112 2131 inter·

81 2146 129 2202 nir
150 2142 269 2218 domo,
294 2158 325 2204 et
348 2140 450 2204 Crtuli
471 2145 571 2224 porti·
626 2142 788 2204 cedentem
815 2143 993 2224 suppliciter
1018 2168 1114 2234 roge·

83 2246 139 2302 cn;
175 2247 269 2308 qoem
293 2226 434 2307 appellet
462 2241 569 2287 eumo-
625 2241 692 2300 ret,
711 2243 748 2288 ut
764 2225 935 2303 defilleret3
959 2232 1046 2311 quod
1066 2249 1114 2295 tr·

81 2316 204 2372 ritatem
239 2313 355 2372 ordinis
383 2314 457 2394 quie
485 2309 571 2372 sene·
625 2333 699 2374 men
719 2331 785 2374 non
804 2317 997 2393 impetrarim
1016 2317 1115 2400 idque

81 2409 130 2457 tur
150 2397 323 2458 consultum
344 2395 411 2456 lieri
430 2415 497 2458 non
510 2417 572 2476 po·
626 2400 755 2457 omnino
776 2395 885 2457 causae
909 2399 986 2470 suit,
1020 2399 1114 2464 serior

84 2496 204 2551 rueret,
235 2481 446 2542 intercedente
473 2484 571 2541 tribu·
624 2498 660 2543 ut
669 2483 779 2543 Cicero
788 2478 1005 2543 restitueretur.
1025 2487 1116 2552 Orat.

82 2585 127 2626 no
151 2564 262 2646 plebis.
309 2568 361 2626 Sic
386 2570 420 2628 in
450 2587 500 2646 cp.
530 2565 571 2626 ed
624 2587 686 2648 pro
700 2567 782 2626 Sext.
809 2587 834 2627 c.
849 2576 900 2646 34
930 2563 1052 2632 Manat.

82 2650 247 2711 Lentulum
277 2653 408 2712 senetur
439 2655 571 2711 auctori·
668 2650 923 2728 reminiscebantur
938 2648 1006 2714 Kal.
1031 2651 1113 2739 Iam]

82 2749 130 2794 ter
159 2736 287 2805 dicitur,
327 2757 425 2817 quum
452 2730 570 2797 sctum
626 2735 739 2817 quibus
759 2736 1007 2810 eodemmodo,
1028 2739 1114 2803 velut

83 2818 126 2879 ob
167 2818 412 2882 intercessionem
444 2820 571 2881 tribuni·
624 2820 724 2882 soceri
752 2821 895 2901 precibus
920 2841 1113 2896 commotus,

82 2909 161 2964 ciem
198 2904 264 2965 fieri
304 2925 371 2967 non
410 2903 569 2986 potuisset.
625 2927 724 2987 quum
737 2903 867 2986 spatium
886 2909 1044 2987 cogitandi
1059 2930 1115 2991 pe·

83 2986 205 3051 Manat.
623 2987 715 3062 risset,
737 3006 768 3050 et
782 2989 988 3072 impetrasset,
1010 3009 1116 3055 tamen

119 3077 149 3151 fi
179 3095 256 3157 quac
282 3075 326 3131 vir
357 3075 426 3150 effer
454 3073 568 3157 facta]
623 3071 872 3141 intercessionem
887 3097 953 3140 nou
969 3094 1119 3141 retracte-

85 3180 150 3239 quo
174 3164 273 3218 minuc
292 3156 393 3238 posset
411 3163 569 3221 ciceroni·
623 3165 678 3222 rit.
722 3154 849 3236 Ernesti.

85 3245 224 3316 domur,
265 3243 432 3324 Catulique
470 3249 570 3328 ,porti-
667 3244 869 3330 dictamen]
896 3246 1003 3332 Vulgo
1028 3249 1116 3312 rddi-

86 3326 278 3389 cusreslitui.
323 3333 438 3387 Manet.
628 3344 680 3390 tur
703 3332 775 3405 sibi,
813 3329 904 3412 quod
932 3332 1049 3408 delevi,
1080 3350 1117 3396 ut

134 3409 328 3495 Cornicinus]
351 3415 410 3476 Gn
432 3417 573 3494 Oppium
618 3414 728 3474 uoluit
746 3417 892 3477 Faernus.
955 3416 1007 3476 Est
1034 3424 1117 3480 enim

85 3496 239 3581 significet.
300 3501 382 3558 Nem
418 3499 575 3559 Cornicen
630 3516 738 3560 contra
755 3499 956 3572 latinitatem,
975 3502 1119 3564 deberet·

88 3585 271 3665 Oppiorum
291 3603 467 3666 cognomen
499 3585 572 3654 suit,
629 3605 693 3667 que
716 3581 777 3644 esse
807 3587 863 3647 illi.
924 3583 977 3646 Est
1002 3592 1119 3668 repeti·

87 3685 124 3728 ut
150 3691 200 3750 ap.
223 3669 341 3727 Livium
371 3668 422 3727 lib.
439 3668 490 3728 llL
526 3666 574 3726 Aa
628 3685 696 3730 tum
711 3667 1118 3751 eproximesuperioribur.

87 3765 217 3811 veterem
229 3752 367 3822 fabulam
381 3769 482 3812 eutem
501 3753 574 3814 ideo
616 3749 760 3830 'Ernefid

89 3839 186 3911 dicit,
230 3836 317 3916 quod
354 3843 445 3898 etiem
483 3852 575 3899 antee
673 3843 757 3899 illam
783 3841 955 3925 porticmn]
988 3837 1121 3903 Necesse

87 3924 169 3983 idem
180 3925 301 4002 Oppius
315 3920 396 3981 hunc
411 3921 507 4001 ipsum
523 3943 576 4005 ge·
630 3942 721 3992 erat,
755 3940 792 3985 ut
823 3926 1064 4007 redemptores,
1096 3922 1121 3986 sr

87 4027 197 4068 nerum
220 4005 303 4064 suum
325 4010 490 4066 Serranum
513 4010 576 4067 Kn-
629 4007 766 4069 eversam
781 4008 884 4070 Catuli
898 4013 1054 4095 porticum
1070 4031 1122 4073 re·

88 4093 187 4154 lendis
200 4091 364 4168 leuueriir,
386 4112 452 4173 quo
474 4093 525 4153 die
542 4094 575 4156 P.
630 4091 757 4156 stituere
777 4093 910 4168 vellem,
943 4099 1030 4177 prior
1048 4115 1122 4179 per·
