2506 4808
164 312 170 324 ·
234 298 520 374 epistota
565 299 715 369 xxvi.
933 320 1012 390 ni:

77 515 93 561 t
104 490 291 559 succensuit.
334 491 566 555 Nuuctanten
579 495 666 577 petit
679 492 806 555 itemm'
817 496 871 556 rei
883 491 991 578 p'ubli-

77 593 144 660 ausa.
187 593 352 657 Lucceius
370 592 448 676 quid
467 603 559 679 agat,
588 590 733 665 scribam
753 591 795 655 ad
811 602 864 666 te,
885 614 991 677 quum

77 718 140 760 rem
156 695 292 768 videro,
317 698 373 778 qui
395 691 504 757 aderit
521 693 638 758 hiduo.

77 796 142 886 uod
157 793 311 888 Sicyonii
332 807 366 857 te
387 792 541 874 laedunt3
565 793 706 868 Catoni,
730 805 765 859 et
785 799 858 859 eius
881 803 1020 868 aemil-8

84 899 244 961 attribuas
266 893 425 961 Servilio.
476 888 593 982 Quid?
629 913 668 959 ea
687 891 788 982 plaga
806 918 923 962 nonne
947 898 990 964 ad

77 1017 91 1061 s
111 997 221 1062 bonos
244 1001 338 1062 viros
357 991 527 1081 pertinet?
550 991 637 1066 Sed,
657 993 743 1060 stite
756 996 908 1084 placuit‚'
922 997 991 1068 lau.

77 1117 100 1182 ῖς
122 1096 248 1164 deiude
267 1102 305 1164 in
321 1095 573 1164 dissensionibus
589 1093 651 1162 soli
664 1096 904 1184 relinquamur.

338 1298 608 1322 mnu-u-

77 1488 80 1506 ‚
109 1437 224 1523 causa]
275 1439 447 1522 Exagitatio
504 1438 557 1501 sed
584 1436 870 1520 multispraeterea
896 1440 989 1515 bouis

79 1533 91 1588 i
124 1550 197 1589 cum
233 1525 447 1598 excusatione,
504 1529 575 1584 viria
611 1524 829 1585 detrimentum
866 1529 990 1605 arentin

77 1611 171 1673 terum
180 1624 318 1694 peteret:
335 1615 448 1671 iterum
505 1613 560 1690 qui
573 1609 723 1669 creditam
738 1627 811 1670 ante
824 1614 1004 1692 pecaniam'

77 1715 179 1779 petere
196 1713 270 1756 *non
292 1694 363 1768 sua,
394 1693 448 1754 sad
504 1698 540 1754 iia
570 1693 714 1774 populis,
759 1715 841 1776 quoa
868 1695 988 1758 lanatus

77 1779 188 1844 uulsa:
230 1778 347 1860 alioqui
376 1776 448 1859 post
504 1783 647 1859 proxime
675 1777 790 1840 liberos
812 1776 874 1840 ell'e
897 1778 1005 1854 tuffits·

77 1863 266 1948 nrepulsam
280 1883 345 1926 non
360 1860 448 1923 luisse
506 1868 628 1945 exigere
641 1882 708 1924 non
722 1861 848 1945 possunt
871 1879 988 1945 epqtss.

77 1973 146 2015 um.
166 1950 231 2010 Sed
243 1947 305 2010 hoc
318 1950 363 2007 rei
370 1952 448 2024 publ.
503 1948 558 2009 lib.
569 1948 592 2007 l.
602 1962 633 2007 at
640 1966 690 2030 ep.
702 1969 730 2008 2.
740 1947 793 2008 lib.
804 1949 857 2009 Vl.
868 1945 1005 2011 Maura.¹¹

77 2036 186 2098 lictum
214 2055 282 2095 non
300 2031 362 2095 fine
381 2038 449 2094 irri-
547 2035 653 2093 deiude
680 2035 710 2091 iu
741 2033 1003 2118 diffusionibus]

101 2117 227 2179 Manat.
504 2135 569 2178 non
584 2117 670 2177 ausus
690 2117 755 2178 sum
771 2134 876 2181 contra
895 2119 990 2181 fidem

93 2205 191 2288 agat]
236 2203 276 2262 de
295 2205 448 2282 petitione
507 2207 644 2272 omniurn
666 2202 818 2265 librorum
841 2205 1002 2266 cumBo·'

77 2298 142 2352 etiit
156 2293 239 2350 enim
258 2286 448 2347 consulatum
504 2284 550 2347 sto
594 2291 735 2367 recipere
780 2293 1001 2351 coniecturam'

87 2375 159 2458 post
175 2395 244 2434 cunr
261 2372 392 2443 Bibulo,
417 2386 449 2430 et
505 2374 639 2432 Manutii
669 2375 897 2449 disceffionibus,
930 2395 991 2435 nec

79 2483 113 2534 e,
134 2460 187 2521 sed
201 2453 447 2541 praeteritusest.
505 2459 598 2517 video
627 2478 682 2517 cur
714 2460 920 2536 praeferenda
953 2457 991 2519 fit

77 2590 84 2606 ,
506 2542 649 2624 vulgatae
683 2540 859 2621 scripturae.
918 2544 991 2604 Hoc

77 2655 98 2688 n
132 2625 286 2703 Caesarem
320 2621 449 2704 videro]
508 2632 588 2686 enim
603 2627 715 2688 Cicero
732 2627 812 2691 dicit.
829 2632 903 2712 lige
915 2648 991 2708 pro-

77 2738 103 2775 tn
118 2716 253 2773 Lucceio
277 2725 384 2771 eontra
400 2709 450 2767 Bi·
506 2710 631 2784 bemus,
659 2715 732 2792 quia
757 2709 797 2770 sic
812 2713 929 2792 placuit
948 2709 992 2771 se·

114 2803 260 2859 coiverat.
307 2794 451 2873 Ideoque
506 2799 610 2867 natui,
644 2793 824 2855 sententiani
852 2798 990 2870 Catonia,

77 2890 86 2943 i
104 2888 209 2944 omnia
221 2877 451 2957 confilia‚quod
508 2879 622 2944 deiude
631 2900 706 2940 vero
722 2885 752 2941 in
762 2878 991 2942 dissensionibus

77 2974 201 3030 tionem
212 2971 363 3032 attineret,
378 2964 452 3020 sciro
509 2964 660 3038 civilibus,
681 2985 777 3044 quum
792 2967 921 3026 Senatus
939 2987 993 3026 au·

80 3070 101 3114 t.
132 3053 198 3133 sup.
221 3073 272 3132 ep.
290 3063 337 3122 15.
359 3047 450 3109 lib.I.
510 3054 635 3109 ctoritaa
663 3056 720 3108 erit
743 3051 858 3112 tuenda
882 3065 992 3113 contra

77 3162 89 3195 ·.
330 3156 332 3160 ’
508 3133 710 3214 popularium
724 3139 885 3213 impetum,
908 3135 993 3197 dese·

77 3219 198 3298 sicyonii
242 3229 271 3275 te
304 3215 451 3301 loeqlunt]
509 3239 701 3290 autumnos,
728 3224 781 3300 qui
796 3225 993 3297 optimatium

77 3307 195 3366 tlvertda
209 3308 340 3384 pecunia
358 3322 452 3382 quatu
511 3300 642 3362 caussam
659 3308 785 3386 agimus,
804 3305 842 3363 ab
860 3303 994 3386 equestri

77 3391 191 3461 >ehem,
223 3403 355 3468 propter
377 3385 454 3444 illud
512 3389 622 3449 ordine
658 3403 689 3448 et
723 3387 900 3450 hominibus
934 3390 992 3450 illis

77 3473 397 3556 rdepopulisliberis,
413 3472 454 3528 de
510 3472 717 3552 locupletibus
724 3516 734 3546 ,
764 3475 877 3557 quibua
900 3494 994 3557 gravo

77 3581 155 3641 apra.
200 3554 327 3632 Ernesti.
511 3559 657 3618 damnum
672 3557 789 3617 illatum
801 3554 994 3619 eslSenatus-

77 3647 135 3716 oui,
159 3646 262 3702 eteius
277 3642 454 3699 aetnzilatori
512 3641 652 3704 consulto
667 3641 732 3702 illo.
750 3643 836 3724 Quid
845 3642 995 3704 disceffio-

77 3728 132 3810 io]
186 3748 320 3808 quorum
356 3745 454 3803 opera
511 3748 565 3788 nea
586 3728 627 3786 ad
646 3725 817 3807 equestrem
840 3729 994 3794 ordinem,

77 3834 95 3869 n
111 3813 150 3871 est
164 3809 455 3872 senatusconsultum
513 3814 632 3892 dequo
647 3811 788 3891 loquitur
806 3811 995 3892 praecipue?

77 3898 279 3976 ›pulisliberia
315 3891 435 3953 llsannt.
513 3899 602 3967 Hane
645 3896 826 3956 sententiam
866 3895 1002 3976 probari?

80 3982 178 4065 plaga]
220 3980 302 4040 Illud
324 3979 457 4040 senatus·
515 4002 645 4062 quoque
667 3983 831 4039 Gronovio
853 3976 924 4060 poll
951 3983 999 4039 in·

77 4064 156 4125 tltum'
173 4087 237 4128 non
266 4066 323 4126 tibi
346 4063 457 4137 solum,
515 4067 627 4127 tellexi.
673 4063 827 4125 Graevius.
927 4060 930 4064 ⁴
