2506 4808
155 331 218 396 250
392 308 678 382 EPISTOLA
724 308 963 380 CXLVIII.

156 507 291 569 cunctis
316 501 494 567 ordinibus
523 499 822 576 incumbentibus,
861 504 1034 569 omnibus
1064 501 1210 587 denique

156 605 223 672 suis
241 606 369 671 viribus
386 601 620 690 recuperasset.
662 601 780 687 Neque
793 623 875 668 vero
891 624 959 692 ego
978 603 1074 668 mihi
1100 603 1212 692 postea

157 706 339 792 quidquam
362 701 529 790 assumpsi,
551 726 660 789 neque
685 703 786 770 hodie
804 702 948 779 assumo,
974 706 1079 790 quod
1101 728 1212 791 quem.

158 828 257 893 quam
281 803 619 871 malivolentissrmum
647 811 720 871 iure
750 805 847 895 possit
869 808 1075 873 offendere.
1124 805 1210 874 Tan·

156 920 230 975 tum
246 913 377 982 enitor,
397 919 435 970 ut
451 928 558 990 neque
573 912 708 982 amicis,
727 929 837 993 neque
854 914 956 974 etiam
976 910 1208 976 alienioribus

157 1031 278 1100 opera,
304 1007 458 1081 consilio,
480 1006 597 1075 labore
614 1006 727 1074 desim.
773 1010 838 1077 Hic
856 1032 950 1078 meae
968 1017 1068 1077 vitae
1093 1009 1209 1076 cursus

156 1112 302 1178 offendit
323 1130 381 1173 eos
403 1108 559 1186 sortasse,
583 1116 639 1195 qui
656 1109 887 1200 splendorem,
909 1126 945 1179 et
967 1111 1133 1201 speciem
1156 1110 1211 1176 hu·

156 1220 210 1281 ius
225 1219 311 1278 vitae
331 1217 528 1284 intuentur,
551 1210 809 1279 sollicitudinem
828 1228 962 1290 autem,
988 1226 1027 1278 et
1050 1213 1210 1278 laborem

155 1314 344 1406 perspicere
370 1334 438 1376 non
459 1310 603 1397 possunt.
646 1312 734 1378 Illud
757 1336 929 1383 veronen
950 1314 1113 1397 obscure
1137 1336 1210 1399 quc·

156 1429 297 1487 rumor,
320 1419 357 1477 iu
380 1416 463 1475 meis
493 1410 685 1489 sententiis,
714 1418 835 1500 quibus
859 1438 983 1482 ornem
1002 1412 1209 1488 Caesarem,

158 1514 245 1601 quns1
269 1509 401 1578 descisse
422 1534 476 1575 mc
501 1533 520 1576 a
547 1514 685 1601 pristina
707 1515 811 1582 causa.
855 1517 928 1606 Ego
953 1530 1084 1583 autem
1109 1540 1211 1603 quum

155 1617 212 1684 illa
235 1616 374 1698 sequor,
394 1635 479 1696 quae
503 1612 615 1700 paullo
637 1629 715 1682 ante
737 1616 910 1705 proposui,
928 1629 1016 1683 num
1039 1618 1121 1686 hoc
1144 1642 1209 1685 non

156 1725 192 1786 in
211 1717 408 1806 postremis,
434 1714 558 1798 dequo
574 1739 749 1806 coeperam
765 1741 948 1807 exponere.
996 1719 1089 1786 Non
1104 1719 1211 1787 ossen·

158 1821 229 1886 des·
245 1819 391 1884 eundem
418 1820 589 1884 bonorum
617 1817 763 1893 sensum,
796 1820 957 1895 Lentule,
996 1844 1114 1907 quem
1141 1822 1211 1888 rell

113 1942 117 1950 ·
157 1919 272 2008 quisti;
316 1924 373 2003 qui
402 1915 623 1985 consumatus
650 1921 822 1986 consulatu
848 1920 984 1997 nostro,
1033 1947 1211 1991 nonnum·

158 2045 258 2109 quam
280 2019 393 2109 postea
415 2025 648 2106 interruptus,
676 2022 820 2089 asllictus
847 2036 925 2087 aute
947 2036 985 2087 te
1007 2025 1210 2100 consulem,

115 2204 122 2217 .
157 2137 333 2191 recreatus
350 2126 409 2187 abs
427 2135 478 2194 te,
498 2134 592 2186 totus
611 2122 658 2186 cst
672 2146 762 2189 nunc
778 2126 818 2188 ab
838 2129 899 2196 iis,
922 2127 1098 2206 aquibus
1118 2139 1212 2193 tuen·

158 2227 223 2292 dus
246 2227 370 2298 suerat,
404 2222 605 2304 derelictus5
643 2223 803 2308 idemque
827 2247 897 2289 nou
927 2224 1040 2290 solum
1069 2230 1211 2302 fronte,

157 2339 259 2411 atque
275 2325 387 2397 vultu,
412 2326 533 2406 quibus
560 2321 722 2389 fimulatio
743 2324 900 2390 facillime
919 2324 1145 2404 sustinetur,
1161 2331 1210 2395 de·

158 2427 287 2495 clarent
306 2433 347 2502 ii,
371 2431 426 2510 qui
443 2437 516 2490 tum
528 2423 643 2496 nostro
659 2425 717 2491 illo
742 2427 826 2492 statu
842 2433 1031 2517 optimates
1051 2438 1211 2497 nomina.

540 2667 809 2684 m

155 2811 292 2885 confuse,·
336 2812 368 2870 in
406 2828 471 2890 quo
509 2811 646 2888 primum
743 2815 852 2869 cunctis
879 2814 1062 2900 ordinibus]
1099 2820 1207 2906 Vulgo

156 2893 331 2975 transposui
369 2898 462 2954 verba
498 2893 646 2967 referente
701 2891 750 2955 hic
763 2897 886 2956 additur
903 2901 1097 2976 hominibus,
1119 2906 1208 2988 quod

157 2982 288 3058 consule,
316 3001 390 3044 nem
414 2976 543 3038 consulis
567 2977 646 3038 rela-
701 3002 771 3041 cum
787 2982 1121 3050 Graeviodelendum
1138 3013 1207 3052 cen·

155 3072 202 3128 tio
224 3065 505 3147 promulgationem
523 3080 646 3122 nntecc·
700 3063 752 3125 sui.
797 3066 898 3127 Valde
918 3072 1002 3128 enim
1029 3072 1154 3157 friget,
1175 3091 1206 3135 et

154 3150 267 3228 daban
293 3152 404 3209 deinde
420 3169 514 3230 quum
532 3150 643 3208 Cicero
700 3155 937 3212 concinnitatem
946 3154 1131 3220 verborum
1145 3178 1206 3222 tur·

154 3237 243 3299 nullo
267 3237 367 3294 modo
394 3235 497 3295 dicere
525 3230 644 3312 posset:
701 3233 764 3294 bnt.

153 3323 408 3400 promulgantibus
436 3322 565 3376 omnihus
596 3339 644 3378 re·
741 3319 821 3394 perosi
841 3319 956 3396 dssslffi
981 3323 1055 3407 ine]
1093 3327 1204 3411 Vulgo

155 3403 272 3485 scripsi:
302 3407 555 3482 promulgantibus
579 3415 644 3462 octo
699 3405 803 3462 editur
823 3405 902 3480 quasi
923 3407 1092 3484 desct‘ffem.
1142 3415 1204 3475 Sed

155 3493 287 3551 tribunis.
331 3493 381 3549 Sic
403 3497 486 3548 enirn
512 3496 542 3547 in
565 3505 643 3548 oret.
699 3488 881 3548 infinitivum
929 3495 1014 3576 regit
1066 3498 1205 3561 verbum

154 3594 215 3657 pro
233 3577 313 3638 sen.
338 3597 361 3636 c.
378 3588 427 3646 32.
452 3577 489 3631 de
512 3595 576 3632 mec
599 3595 644 3631 rc·
700 3585 873 3659 queruntur.

156 3667 221 3720 ditn
247 3670 312 3719 octo
340 3660 448 3717 tribrmi
472 3661 644 3735 prmnulgn·
743 3671 889 3716 reci-entus
909 3663 958 3716 nbr
977 3670 1008 3718 te
1016 3682 1032 3730 ;
1053 3674 1143 3724 totus
1165 3670 1203 3744 est

155 3759 242 3807 runt:
265 3761 295 3804 et
320 3743 349 3803 hi
370 3753 435 3800 octo
458 3744 568 3799 tribuni
594 3744 645 3802 be·
700 3741 798 3826 niinc]
828 3742 994 3803 Meliorem
1019 3744 1109 3810 hunc
1139 3774 1207 3814 ver.

138 3853 195 3893 ¹ne
212 3845 418 3909 opponuntur
438 3830 488 3884 nni
511 3830 643 3899 tribuno,
699 3828 813 3888 borum
837 3828 1062 3893 diremtionern
1086 3838 1209 3914 praeli.

156 3925 208 3997 qni
225 3914 343 3976 Metelli
359 3913 490 3971 reditum
508 3917 646 3993 rogerio·
700 3916 742 3972 vlt
758 3913 1056 3996 Murtynl·Loguns.
1076 3921 1207 4005 Vulgo:

156 3999 447 4061 nuscandiuvernt.
482 3997 521 4055 Et
535 4002 566 4056 in
583 3999 643 4058 Mt.
701 4009 849 4055 recreatur
877 4001 927 4056 abr
954 4011 986 4055 te
1018 4013 1108 4066 totus
1142 4013 1208 4086 est;

146 4083 255 4148 ’Urfiai
266 4086 406 4148 additum
419 4084 543 4142 tribunis
557 4084 602 4161 pl.
700 4103 776 4141 nrinc
787 4098 846 4147 etc,
