<?xml version="1.0" encoding="UTF-8"?>
<!DOCTYPE html PUBLIC "-//W3C//DTD XHTML 1.0 Transitional//EN"
    "http://www.w3.org/TR/xhtml1/DTD/xhtml1-transitional.dtd">
<html xmlns="http://www.w3.org/1999/xhtml" xml:lang="en" lang="en">
 <head>
  <title>
</title>
<meta http-equiv="Content-Type" content="text/html;charset=utf-8" />
  <meta name='ocr-system' content='tesseract 3.04.00' />
  <meta name='ocr-capabilities' content='ocr_page ocr_carea ocr_par ocr_line ocrx_word'/>
</head>
<body>
  <div class='ocr_page' id='page_1' title='image "./mtciceronisepis00billgoog/mtciceronisepis00billgoog_0657.png"; bbox 0 0 2506 4808; ppageno 0'>
   <div class='ocr_carea' id='block_1_1' title="bbox 140 322 920 419">
    <p class='ocr_par' dir='ltr' id='par_1_1' title="bbox 140 322 920 419">
     <span class='ocr_line' id='line_1_1' title="bbox 140 322 920 419; baseline -0.019 -15"><span class='ocrx_word' id='word_1_1' title='bbox 140 358 215 419; x_wconf 59' lang='grc' dir='ltr'>ὅτι,</span> <span class='ocrx_word' id='word_1_2' title='bbox 413 324 699 398; x_wconf 72' lang='lat' dir='ltr'>EPlb‘l&#39;OLA</span> <span class='ocrx_word' id='word_1_3' title='bbox 749 322 920 393; x_wconf 82' lang='lat' dir='ltr'>cL1x.&#39;</span> 
     </span>
    </p>
   </div>
   <div class='ocr_carea' id='block_1_2' title="bbox 144 511 1206 1331">
    <p class='ocr_par' dir='ltr' id='par_1_2' title="bbox 144 511 1206 1331">
     <span class='ocr_line' id='line_1_2' title="bbox 144 511 1206 601; baseline -0.008 -12"><span class='ocrx_word' id='word_1_4' title='bbox 144 526 343 593; x_wconf 79' lang='lat' dir='ltr'>turbantur,</span> <span class='ocrx_word' id='word_1_5' title='bbox 366 540 408 583; x_wconf 88' lang='lat' dir='ltr'>ne</span> <span class='ocrx_word' id='word_1_6' title='bbox 430 524 628 601; x_wconf 81' lang='lat' dir='ltr'>cuiusquam</span> <span class='ocrx_word' id='word_1_7' title='bbox 653 518 804 577; x_wconf 86' lang='lat' dir='ltr'>animum</span> <span class='ocrx_word' id='word_1_8' title='bbox 826 532 932 577; x_wconf 85' lang='lat' dir='ltr'>meae</span> <span class='ocrx_word' id='word_1_9' title='bbox 951 511 1206 583; x_wconf 67' lang='lat' dir='ltr'>literae&#39;inter·</span> 
     </span>
     <span class='ocr_line' id='line_1_3' title="bbox 146 613 1206 713; baseline -0.01 -22"><span class='ocrx_word' id='word_1_10' title='bbox 146 639 263 713; x_wconf 83' lang='lat' dir='ltr'>ceptae</span> <span class='ocrx_word' id='word_1_11' title='bbox 282 621 468 687; x_wconf 83' lang='lat' dir='ltr'>osletnlunt.</span> <span class='ocrx_word' id='word_1_12' title='bbox 514 619 630 708; x_wconf 78' lang='lat' dir='ltr'>Quare</span> <span class='ocrx_word' id='word_1_13' title='bbox 655 613 837 678; x_wconf 83' lang='lat' dir='ltr'>domestica</span> <span class='ocrx_word' id='word_1_14' title='bbox 860 638 951 681; x_wconf 81' lang='lat' dir='ltr'>cura</span> <span class='ocrx_word' id='word_1_15' title='bbox 985 630 1026 682; x_wconf 82' lang='lat' dir='ltr'>te</span> <span class='ocrx_word' id='word_1_16' title='bbox 1059 618 1206 683; x_wconf 85' lang='lat' dir='ltr'>levatum</span> 
     </span>
     <span class='ocr_line' id='line_1_4' title="bbox 145 715 1205 808; baseline -0.008 -18"><span class='ocrx_word' id='word_1_17' title='bbox 145 727 233 792; x_wconf 89' lang='lat' dir='ltr'>volo.</span> <span class='ocrx_word' id='word_1_18' title='bbox 276 724 315 787; x_wconf 92' lang='lat' dir='ltr'>In</span> <span class='ocrx_word' id='word_1_19' title='bbox 339 720 533 808; x_wconf 88' lang='lat' dir='ltr'>republica</span> <span class='ocrx_word' id='word_1_20' title='bbox 564 720 631 783; x_wconf 86' lang='lat' dir='ltr'>scio</span> <span class='ocrx_word' id='word_1_21' title='bbox 655 738 755 800; x_wconf 86' lang='lat' dir='ltr'>quarn</span> <span class='ocrx_word' id='word_1_22' title='bbox 787 715 958 782; x_wconf 71' lang='lat' dir='ltr'>sollicitus</span> <span class='ocrx_word' id='word_1_23' title='bbox 986 717 1063 783; x_wconf 86' lang='lat' dir='ltr'>esse</span> <span class='ocrx_word' id='word_1_24' title='bbox 1096 719 1205 784; x_wconf 76' lang='lat' dir='ltr'>soleas,</span> 
     </span>
     <span class='ocr_line' id='line_1_5' title="bbox 146 817 1205 908; baseline -0.01 -16"><span class='ocrx_word' id='word_1_25' title='bbox 146 828 259 892; x_wconf 84' lang='lat' dir='ltr'>Video</span> <span class='ocrx_word' id='word_1_26' title='bbox 273 822 444 888; x_wconf 81' lang='lat' dir='ltr'>Messalam</span> <span class='ocrx_word' id='word_1_27' title='bbox 461 821 612 887; x_wconf 89' lang='lat' dir='ltr'>nostrum</span> <span class='ocrx_word' id='word_1_28' title='bbox 636 818 825 885; x_wconf 78' lang='lat' dir='ltr'>consulent,</span> <span class='ocrx_word' id='word_1_29' title='bbox 847 817 869 881; x_wconf 80' lang='lat' dir='ltr'>st</span> <span class='ocrx_word' id='word_1_30' title='bbox 891 843 961 907; x_wconf 87' lang='lat' dir='ltr'>per</span> <span class='ocrx_word' id='word_1_31' title='bbox 978 827 1205 908; x_wconf 81' lang='lat' dir='ltr'>interregem,</span> 
     </span>
     <span class='ocr_line' id='line_1_6' title="bbox 147 921 1204 1012; baseline -0.007 -21"><span class='ocrx_word' id='word_1_32' title='bbox 147 928 213 992; x_wconf 77' lang='lat' dir='ltr'>sine</span> <span class='ocrx_word' id='word_1_33' title='bbox 234 926 376 991; x_wconf 81' lang='lat' dir='ltr'>iudicio:</span> <span class='ocrx_word' id='word_1_34' title='bbox 412 921 518 1010; x_wconf 76' lang='lat' dir='ltr'>siper</span> <span class='ocrx_word' id='word_1_35' title='bbox 541 923 764 992; x_wconf 82' lang='lat' dir='ltr'>dictatorem,</span> <span class='ocrx_word' id='word_1_36' title='bbox 794 932 909 983; x_wconf 84' lang='lat' dir='ltr'>tamen</span> <span class='ocrx_word' id='word_1_37' title='bbox 938 921 1015 987; x_wconf 85' lang='lat' dir='ltr'>fine</span> <span class='ocrx_word' id='word_1_38' title='bbox 1039 923 1204 1012; x_wconf 85' lang='lat' dir='ltr'>periculo.</span> 
     </span>
     <span class='ocr_line' id='line_1_7' title="bbox 149 1021 1201 1097; baseline -0.01 -1"><span class='ocrx_word' id='word_1_39' title='bbox 149 1033 231 1097; x_wconf 88' lang='lat' dir='ltr'>Odii</span> <span class='ocrx_word' id='word_1_40' title='bbox 260 1026 345 1091; x_wconf 83' lang='lat' dir='ltr'>nihil</span> <span class='ocrx_word' id='word_1_41' title='bbox 376 1023 489 1087; x_wconf 83' lang='lat' dir='ltr'>habet.</span> <span class='ocrx_word' id='word_1_42' title='bbox 551 1021 722 1088; x_wconf 78' lang='lat' dir='ltr'>Hortensii</span> <span class='ocrx_word' id='word_1_43' title='bbox 748 1023 840 1087; x_wconf 84' lang='lat' dir='ltr'>calor</span> <span class='ocrx_word' id='word_1_44' title='bbox 867 1021 1032 1088; x_wconf 87' lang='lat' dir='ltr'>multum</span> <span class='ocrx_word' id='word_1_45' title='bbox 1072 1026 1201 1090; x_wconf 83' lang='lat' dir='ltr'>valebit.</span> 
     </span>
     <span class='ocr_line' id='line_1_8' title="bbox 151 1123 1202 1215; baseline -0.011 -18"><span class='ocrx_word' id='word_1_46' title='bbox 151 1134 285 1198; x_wconf 78' lang='lat' dir='ltr'>Gabinii</span> <span class='ocrx_word' id='word_1_47' title='bbox 306 1127 470 1192; x_wconf 77' lang='lat' dir='ltr'>absolutio</span> <span class='ocrx_word' id='word_1_48' title='bbox 491 1123 550 1187; x_wconf 86' lang='lat' dir='ltr'>lex</span> <span class='ocrx_word' id='word_1_49' title='bbox 567 1130 780 1212; x_wconf 85' lang='lat' dir='ltr'>impunitatis</span> <span class='ocrx_word' id='word_1_50' title='bbox 802 1134 961 1210; x_wconf 69' lang='lat' dir='ltr'>putatur.</span> <span class='ocrx_word' id='word_1_51' title='bbox 1013 1126 1080 1192; x_wconf 80' lang='lat' dir='ltr'>&#39;Er</span> <span class='ocrx_word' id='word_1_52' title='bbox 1095 1131 1202 1215; x_wconf 71' lang='grc' dir='ltr'><strong><em>ταρέρ.</em></strong></span> 
     </span>
     <span class='ocr_line' id='line_1_9' title="bbox 150 1224 1201 1331; baseline -0.004 -35"><span class='ocrx_word' id='word_1_53' title='bbox 150 1258 212 1320; x_wconf 63' lang='lat' dir='ltr'>uu:</span> <span class='ocrx_word' id='word_1_54' title='bbox 247 1232 303 1296; x_wconf 82' lang='lat' dir='ltr'>De</span> <span class='ocrx_word' id='word_1_55' title='bbox 324 1229 492 1294; x_wconf 79' lang='lat' dir='ltr'>dictatore</span> <span class='ocrx_word' id='word_1_56' title='bbox 510 1237 625 1289; x_wconf 89' lang='lat' dir='ltr'>tamen</span> <span class='ocrx_word' id='word_1_57' title='bbox 641 1239 755 1290; x_wconf 87' lang='lat' dir='ltr'>actum</span> <span class='ocrx_word' id='word_1_58' title='bbox 771 1224 882 1290; x_wconf 83' lang='lat' dir='ltr'>adhuc</span> <span class='ocrx_word' id='word_1_59' title='bbox 900 1225 996 1331; x_wconf 66' lang='lat' dir='ltr'>nibil</span> <span class='ocrx_word' id='word_1_60' title='bbox 1017 1228 1084 1292; x_wconf 88' lang='lat' dir='ltr'>est.</span> <span class='ocrx_word' id='word_1_61' title='bbox 1114 1228 1201 1294; x_wconf 89' lang='lat' dir='ltr'>Pom-</span> 
     </span>
    </p>
   </div>
   <div class='ocr_carea' id='block_1_3' title="bbox 529 1476 800 1493">
    <p class='ocr_par' dir='ltr' id='par_1_3' title="bbox 529 1476 800 1493">
     <span class='ocr_line' id='line_1_10' title="bbox 529 1476 800 1493; baseline -0.011 0"><span class='ocrx_word' id='word_1_62' title='bbox 529 1476 800 1493; x_wconf 54' lang='lat' dir='ltr'>m</span> 
     </span>
    </p>
   </div>
   <div class='ocr_carea' id='block_1_4' title="bbox 144 1656 1201 4273">
    <p class='ocr_par' dir='ltr' id='par_1_4' title="bbox 148 1656 1200 3272">
     <span class='ocr_line' id='line_1_11' title="bbox 193 1656 1200 1740; baseline 0.005 -21"><span class='ocrx_word' id='word_1_63' title='bbox 193 1666 268 1740; x_wconf 56' lang='grc' dir='ltr'>Μ</span> <span class='ocrx_word' id='word_1_64' title='bbox 290 1684 344 1739; x_wconf 77' lang='lat' dir='ltr'>per</span> <span class='ocrx_word' id='word_1_65' title='bbox 368 1666 548 1738; x_wconf 78' lang='lat' dir='ltr'>interregem</span> <span class='ocrx_word' id='word_1_66' title='bbox 571 1661 638 1735; x_wconf 78' lang='lat' dir='ltr'>fine</span> <span class='ocrx_word' id='word_1_67' title='bbox 695 1676 782 1719; x_wconf 84' lang='lat' dir='ltr'>ctum</span> <span class='ocrx_word' id='word_1_68' title='bbox 799 1678 865 1719; x_wconf 88' lang='lat' dir='ltr'>non</span> <span class='ocrx_word' id='word_1_69' title='bbox 887 1656 950 1734; x_wconf 81' lang='lat' dir='ltr'>ell3</span> <span class='ocrx_word' id='word_1_70' title='bbox 981 1679 1132 1740; x_wconf 88' lang='lat' dir='ltr'>peracto</span> <span class='ocrx_word' id='word_1_71' title='bbox 1156 1685 1200 1724; x_wconf 88' lang='lat' dir='ltr'>au·</span> 
     </span>
     <span class='ocr_line' id='line_1_12' title="bbox 153 1742 1200 1832; baseline -0.005 -22"><span class='ocrx_word' id='word_1_72' title='bbox 153 1747 286 1832; x_wconf 78' lang='lat' dir='ltr'>itrdirt&#39;o]</span> <span class='ocrx_word' id='word_1_73' title='bbox 320 1748 425 1828; x_wconf 82' lang='lat' dir='ltr'>Quem</span> <span class='ocrx_word' id='word_1_74' title='bbox 453 1744 503 1806; x_wconf 85' lang='lat' dir='ltr'>hic</span> <span class='ocrx_word' id='word_1_75' title='bbox 530 1744 638 1812; x_wconf 85' lang='lat' dir='ltr'>locum</span> <span class='ocrx_word' id='word_1_76' title='bbox 695 1761 757 1805; x_wconf 89' lang='lat' dir='ltr'>tem</span> <span class='ocrx_word' id='word_1_77' title='bbox 780 1742 943 1804; x_wconf 76' lang='lat' dir='ltr'>consulatu</span> <span class='ocrx_word' id='word_1_78' title='bbox 966 1746 1019 1806; x_wconf 85' lang='lat' dir='ltr'>bia</span> <span class='ocrx_word' id='word_1_79' title='bbox 1046 1749 1200 1809; x_wconf 80' lang='lat' dir='ltr'>accusatur</span> 
     </span>
     <span class='ocr_line' id='line_1_13' title="bbox 151 1828 1199 1911; baseline -0.004 -14"><span class='ocrx_word' id='word_1_80' title='bbox 151 1836 247 1897; x_wconf 87' lang='lat' dir='ltr'>llabet</span> <span class='ocrx_word' id='word_1_81' title='bbox 263 1835 367 1893; x_wconf 87' lang='lat' dir='ltr'>iudicii</span> <span class='ocrx_word' id='word_1_82' title='bbox 383 1836 519 1903; x_wconf 82' lang='lat' dir='ltr'>mentio,</span> <span class='ocrx_word' id='word_1_83' title='bbox 541 1851 639 1911; x_wconf 87' lang='lat' dir='ltr'>quum</span> <span class='ocrx_word' id='word_1_84' title='bbox 696 1831 736 1889; x_wconf 84' lang='lat' dir='ltr'>tle</span> <span class='ocrx_word' id='word_1_85' title='bbox 752 1830 867 1887; x_wconf 86' lang='lat' dir='ltr'>ambitu</span> <span class='ocrx_word' id='word_1_86' title='bbox 893 1828 955 1909; x_wconf 80' lang='lat' dir='ltr'>est,</span> <span class='ocrx_word' id='word_1_87' title='bbox 981 1838 1101 1910; x_wconf 85' lang='lat' dir='ltr'>primo</span> <span class='ocrx_word' id='word_1_88' title='bbox 1120 1833 1199 1893; x_wconf 75' lang='lat' dir='ltr'>abso</span> 
     </span>
     <span class='ocr_line' id='line_1_14' title="bbox 150 1914 1198 2003; baseline -0.002 -25"><span class='ocrx_word' id='word_1_89' title='bbox 150 1925 183 1983; x_wconf 84' lang='lat' dir='ltr'>in</span> <span class='ocrx_word' id='word_1_90' title='bbox 204 1924 346 2003; x_wconf 81' lang='lat' dir='ltr'>proxima</span> <span class='ocrx_word' id='word_1_91' title='bbox 362 1916 491 1997; x_wconf 81' lang='lat' dir='ltr'>epistola</span> <span class='ocrx_word' id='word_1_92' title='bbox 512 1920 573 1975; x_wconf 86' lang='lat' dir='ltr'>iam</span> <span class='ocrx_word' id='word_1_93' title='bbox 595 1918 641 1974; x_wconf 88' lang='lat' dir='ltr'>‹li-</span> <span class='ocrx_word' id='word_1_94' title='bbox 695 1914 794 1981; x_wconf 83' lang='lat' dir='ltr'>lutus,</span> <span class='ocrx_word' id='word_1_95' title='bbox 819 1916 935 1973; x_wconf 79' lang='lat' dir='ltr'>deinde</span> <span class='ocrx_word' id='word_1_96' title='bbox 951 1919 1198 1979; x_wconf 79' lang='lat' dir='ltr'>condemnatus.</span> 
     </span>
     <span class='ocr_line' id='line_1_15' title="bbox 150 1996 1198 2078; baseline -0.009 -11"><span class='ocrx_word' id='word_1_97' title='bbox 150 2012 229 2067; x_wconf 70' lang='lat' dir='ltr'>uerit</span> <span class='ocrx_word' id='word_1_98' title='bbox 251 2004 337 2065; x_wconf 88' lang='lat' dir='ltr'>illum</span> <span class='ocrx_word' id='word_1_99' title='bbox 362 2000 421 2062; x_wconf 80' lang='lat' dir='ltr'>esse</span> <span class='ocrx_word' id='word_1_100' title='bbox 443 2000 639 2062; x_wconf 85' lang='lat' dir='ltr'>absolutum?</span> <span class='ocrx_word' id='word_1_101' title='bbox 696 1996 816 2056; x_wconf 78' lang='lat' dir='ltr'>Manat.</span> <span class='ocrx_word' id='word_1_102' title='bbox 884 2001 987 2078; x_wconf 80' lang='lat' dir='ltr'>Quod</span> <span class='ocrx_word' id='word_1_103' title='bbox 1041 2007 1198 2063; x_wconf 76' lang='lat' dir='ltr'>Manutius</span> 
     </span>
     <span class='ocr_line' id='line_1_16' title="bbox 150 2083 1198 2173; baseline -0.005 -20"><span class='ocrx_word' id='word_1_104' title='bbox 150 2091 293 2173; x_wconf 77' lang='lat' dir='ltr'>Intellige</span> <span class='ocrx_word' id='word_1_105' title='bbox 310 2090 350 2148; x_wconf 91' lang='lat' dir='ltr'>de</span> <span class='ocrx_word' id='word_1_106' title='bbox 367 2088 466 2147; x_wconf 83' lang='lat' dir='ltr'>altero</span> <span class='ocrx_word' id='word_1_107' title='bbox 484 2086 569 2167; x_wconf 87' lang='lat' dir='ltr'>quod</span> <span class='ocrx_word' id='word_1_108' title='bbox 586 2091 674 2143; x_wconf 84' lang='lat' dir='ltr'>im·--</span> <span class='ocrx_word' id='word_1_109' title='bbox 696 2091 741 2144; x_wconf 77' lang='lat' dir='ltr'>ait</span> <span class='ocrx_word' id='word_1_110' title='bbox 759 2104 776 2142; x_wconf 88' lang='lat' dir='ltr'>e</span> <span class='ocrx_word' id='word_1_111' title='bbox 791 2083 951 2163; x_wconf 86' lang='lat' dir='ltr'>superiore</span> <span class='ocrx_word' id='word_1_112' title='bbox 967 2085 1114 2166; x_wconf 86' lang='lat' dir='ltr'>epistola</span> <span class='ocrx_word' id='word_1_113' title='bbox 1132 2109 1198 2149; x_wconf 86' lang='lat' dir='ltr'>con·</span> 
     </span>
     <span class='ocr_line' id='line_1_17' title="bbox 148 2169 1197 2258; baseline -0.003 -23"><span class='ocrx_word' id='word_1_114' title='bbox 148 2177 326 2258; x_wconf 78' lang='lat' dir='ltr'>pendebat,</span> <span class='ocrx_word' id='word_1_115' title='bbox 356 2174 397 2232; x_wconf 87' lang='lat' dir='ltr'>de</span> <span class='ocrx_word' id='word_1_116' title='bbox 423 2173 540 2232; x_wconf 88' lang='lat' dir='ltr'>ambitu</span> <span class='ocrx_word' id='word_1_117' title='bbox 561 2170 641 2228; x_wconf 80' lang='lat' dir='ltr'>iudi·</span> <span class='ocrx_word' id='word_1_118' title='bbox 696 2169 795 2241; x_wconf 84' lang='lat' dir='ltr'>stare,</span> <span class='ocrx_word' id='word_1_119' title='bbox 842 2169 1039 2230; x_wconf 86' lang='lat' dir='ltr'>Memmium</span> <span class='ocrx_word' id='word_1_120' title='bbox 1081 2174 1197 2235; x_wconf 88' lang='lat' dir='ltr'>absolu·</span> 
     </span>
     <span class='ocr_line' id='line_1_18' title="bbox 150 2248 1197 2336; baseline -0.004 -15"><span class='ocrx_word' id='word_1_121' title='bbox 150 2265 211 2321; x_wconf 82' lang='lat' dir='ltr'>eio.</span> <span class='ocrx_word' id='word_1_122' title='bbox 254 2262 336 2319; x_wconf 87' lang='lat' dir='ltr'>Nam</span> <span class='ocrx_word' id='word_1_123' title='bbox 358 2254 477 2336; x_wconf 86' lang='lat' dir='ltr'>etpost</span> <span class='ocrx_word' id='word_1_124' title='bbox 500 2255 639 2316; x_wconf 82' lang='lat' dir='ltr'>consula·</span> <span class='ocrx_word' id='word_1_125' title='bbox 696 2272 761 2314; x_wconf 84' lang='lat' dir='ltr'>tum</span> <span class='ocrx_word' id='word_1_126' title='bbox 778 2248 849 2324; x_wconf 79' lang='lat' dir='ltr'>else,</span> <span class='ocrx_word' id='word_1_127' title='bbox 871 2255 903 2312; x_wconf 90' lang='lat' dir='ltr'>id</span> <span class='ocrx_word' id='word_1_128' title='bbox 918 2261 1068 2332; x_wconf 80' lang='lat' dir='ltr'>pertinet</span> <span class='ocrx_word' id='word_1_129' title='bbox 1088 2262 1197 2319; x_wconf 82' lang='lat' dir='ltr'>adver·</span> 
     </span>
     <span class='ocr_line' id='line_1_19' title="bbox 150 2338 1197 2420; baseline -0.005 -14"><span class='ocrx_word' id='word_1_130' title='bbox 150 2360 218 2407; x_wconf 88' lang='lat' dir='ltr'>tum</span> <span class='ocrx_word' id='word_1_131' title='bbox 245 2346 284 2405; x_wconf 86' lang='lat' dir='ltr'>de</span> <span class='ocrx_word' id='word_1_132' title='bbox 314 2344 432 2402; x_wconf 80' lang='lat' dir='ltr'>ambitu</span> <span class='ocrx_word' id='word_1_133' title='bbox 472 2340 639 2401; x_wconf 83' lang='lat' dir='ltr'>accusatur.</span> <span class='ocrx_word' id='word_1_134' title='bbox 696 2338 754 2400; x_wconf 84' lang='lat' dir='ltr'>ba:</span> <span class='ocrx_word' id='word_1_135' title='bbox 790 2341 877 2414; x_wconf 82' lang='lat' dir='ltr'>idque</span> <span class='ocrx_word' id='word_1_136' title='bbox 898 2338 1068 2412; x_wconf 71' lang='lat' dir='ltr'>perficiam</span> <span class='ocrx_word' id='word_1_137' title='bbox 1087 2347 1197 2420; x_wconf 41' lang='lat' dir='ltr'>,serapn-</span> 
     </span>
     <span class='ocr_line' id='line_1_20' title="bbox 150 2423 1194 2514; baseline -0.005 -24"><span class='ocrx_word' id='word_1_138' title='bbox 150 2432 188 2491; x_wconf 85' lang='lat' dir='ltr'>lrl</span> <span class='ocrx_word' id='word_1_139' title='bbox 210 2450 271 2514; x_wconf 81' lang='lat' dir='ltr'>ego</span> <span class='ocrx_word' id='word_1_140' title='bbox 295 2428 372 2488; x_wconf 74' lang='lat' dir='ltr'>locta</span> <span class='ocrx_word' id='word_1_141' title='bbox 396 2423 563 2487; x_wconf 87' lang='lat' dir='ltr'>observatis</span> <span class='ocrx_word' id='word_1_142' title='bbox 586 2446 640 2485; x_wconf 89' lang='lat' dir='ltr'>co·</span> <span class='ocrx_word' id='word_1_143' title='bbox 696 2427 844 2482; x_wconf 80' lang='lat' dir='ltr'>cationum</span> <span class='ocrx_word' id='word_1_144' title='bbox 869 2425 913 2480; x_wconf 82' lang='lat' dir='ltr'>his</span> <span class='ocrx_word' id='word_1_145' title='bbox 941 2429 1053 2503; x_wconf 72' lang='lat' dir='ltr'>otiosis</span> <span class='ocrx_word' id='word_1_146' title='bbox 1083 2433 1194 2498; x_wconf 79' lang='lat' dir='ltr'>diebus,</span> 
     </span>
     <span class='ocr_line' id='line_1_21' title="bbox 151 2503 1198 2600; baseline -0.004 -25"><span class='ocrx_word' id='word_1_147' title='bbox 151 2520 245 2600; x_wconf 75' lang='lat' dir='ltr'>gnoti</span> <span class='ocrx_word' id='word_1_148' title='bbox 268 2515 306 2572; x_wconf 81' lang='lat' dir='ltr'>ad</span> <span class='ocrx_word' id='word_1_149' title='bbox 330 2518 390 2572; x_wconf 79' lang='lat' dir='ltr'>Att.</span> <span class='ocrx_word' id='word_1_150' title='bbox 407 2515 446 2571; x_wconf 88' lang='lat' dir='ltr'>V.</span> <span class='ocrx_word' id='word_1_151' title='bbox 472 2532 518 2570; x_wconf 82' lang='lat' dir='ltr'>ta.</span> <span class='ocrx_word' id='word_1_152' title='bbox 544 2524 574 2568; x_wconf 89' lang='lat' dir='ltr'>et</span> <span class='ocrx_word' id='word_1_153' title='bbox 599 2509 640 2568; x_wconf 85' lang='lat' dir='ltr'>ad</span> <span class='ocrx_word' id='word_1_154' title='bbox 696 2503 967 2591; x_wconf 75' lang='lat' dir='ltr'>quibusMeffalum</span> <span class='ocrx_word' id='word_1_155' title='bbox 987 2517 1056 2569; x_wconf 80' lang='lat' dir='ltr'>iam</span> <span class='ocrx_word' id='word_1_156' title='bbox 1070 2519 1198 2590; x_wconf 82' lang='lat' dir='ltr'>nostram</span> 
     </span>
     <span class='ocr_line' id='line_1_22' title="bbox 150 2593 1195 2677; baseline -0.005 -17"><span class='ocrx_word' id='word_1_157' title='bbox 150 2601 233 2660; x_wconf 74' lang='lat' dir='ltr'>Fam.</span> <span class='ocrx_word' id='word_1_158' title='bbox 257 2597 338 2658; x_wconf 78' lang='lat' dir='ltr'>Vlll.</span> <span class='ocrx_word' id='word_1_159' title='bbox 362 2606 393 2676; x_wconf 72' lang='grc'>4.</span> <span class='ocrx_word' id='word_1_160' title='bbox 454 2597 485 2655; x_wconf 89' lang='lat' dir='ltr'>Si</span> <span class='ocrx_word' id='word_1_161' title='bbox 514 2593 640 2667; x_wconf 83' lang='lat' dir='ltr'>consul,</span> <span class='ocrx_word' id='word_1_162' title='bbox 696 2597 887 2677; x_wconf 75' lang='lat' dir='ltr'>reliquosque</span> <span class='ocrx_word' id='word_1_163' title='bbox 907 2600 1053 2673; x_wconf 80' lang='lat' dir='ltr'>molestia</span> <span class='ocrx_word' id='word_1_164' title='bbox 1086 2606 1195 2660; x_wconf 76' lang='lat' dir='ltr'>lerator</span> 
     </span>
     <span class='ocr_line' id='line_1_23' title="bbox 149 2680 1197 2768; baseline -0.001 -24"><span class='ocrx_word' id='word_1_165' title='bbox 149 2689 268 2766; x_wconf 74' lang='lat' dir='ltr'>inquit,</span> <span class='ocrx_word' id='word_1_166' title='bbox 290 2682 400 2742; x_wconf 74' lang='lat' dir='ltr'>habitis</span> <span class='ocrx_word' id='word_1_167' title='bbox 422 2680 461 2741; x_wconf 83' lang='lat' dir='ltr'>ab</span> <span class='ocrx_word' id='word_1_168' title='bbox 483 2685 640 2762; x_wconf 81' lang='lat' dir='ltr'>interrege</span> <span class='ocrx_word' id='word_1_169' title='bbox 696 2684 758 2739; x_wconf 84' lang='lat' dir='ltr'>iam</span> <span class='ocrx_word' id='word_1_170' title='bbox 768 2682 955 2739; x_wconf 77' lang='lat' dir='ltr'>vehementer</span> <span class='ocrx_word' id='word_1_171' title='bbox 963 2689 1107 2759; x_wconf 84' lang='lat' dir='ltr'>gaudeo,</span> <span class='ocrx_word' id='word_1_172' title='bbox 1123 2705 1197 2768; x_wconf 85' lang='lat' dir='ltr'>quae</span> 
     </span>
     <span class='ocr_line' id='line_1_24' title="bbox 151 2765 1199 2840; baseline -0.002 -9"><span class='ocrx_word' id='word_1_173' title='bbox 151 2773 282 2831; x_wconf 78' lang='lat' dir='ltr'>comittit</span> <span class='ocrx_word' id='word_1_174' title='bbox 299 2768 469 2836; x_wconf 74' lang='lat' dir='ltr'>creabitur,</span> <span class='ocrx_word' id='word_1_175' title='bbox 490 2765 638 2824; x_wconf 86' lang='lat' dir='ltr'>iudicium</span> <span class='ocrx_word' id='word_1_176' title='bbox 696 2768 868 2826; x_wconf 83' lang='lat' dir='ltr'>verbanon</span> <span class='ocrx_word' id='word_1_177' title='bbox 884 2767 924 2825; x_wconf 86' lang='lat' dir='ltr'>ad</span> <span class='ocrx_word' id='word_1_178' title='bbox 941 2767 1199 2840; x_wconf 80' lang='lat' dir='ltr'>absolutionem„</span> 
     </span>
     <span class='ocr_line' id='line_1_25' title="bbox 150 2847 1196 2935; baseline 0.002 -23"><span class='ocrx_word' id='word_1_179' title='bbox 150 2854 273 2928; x_wconf 82' lang='lat' dir='ltr'>vltabit;</span> <span class='ocrx_word' id='word_1_180' title='bbox 308 2851 406 2911; x_wconf 82' lang='lat' dir='ltr'>statim</span> <span class='ocrx_word' id='word_1_181' title='bbox 428 2855 510 2911; x_wconf 86' lang='lat' dir='ltr'>enim</span> <span class='ocrx_word' id='word_1_182' title='bbox 531 2847 639 2909; x_wconf 84' lang='lat' dir='ltr'>consu·</span> <span class='ocrx_word' id='word_1_183' title='bbox 696 2851 747 2911; x_wconf 89' lang='lat' dir='ltr'>sed</span> <span class='ocrx_word' id='word_1_184' title='bbox 762 2852 802 2911; x_wconf 90' lang='lat' dir='ltr'>ad</span> <span class='ocrx_word' id='word_1_185' title='bbox 822 2851 934 2911; x_wconf 88' lang='lat' dir='ltr'>iudicia</span> <span class='ocrx_word' id='word_1_186' title='bbox 961 2872 1110 2933; x_wconf 83' lang='lat' dir='ltr'>propter</span> <span class='ocrx_word' id='word_1_187' title='bbox 1135 2855 1196 2935; x_wconf 87' lang='lat' dir='ltr'>sup-</span> 
     </span>
     <span class='ocr_line' id='line_1_26' title="bbox 149 2932 1196 3020; baseline -0.001 -21"><span class='ocrx_word' id='word_1_188' title='bbox 149 2938 248 2999; x_wconf 87' lang='lat' dir='ltr'>latum</span> <span class='ocrx_word' id='word_1_189' title='bbox 278 2939 387 3004; x_wconf 72' lang='lat' dir='ltr'>inibit:</span> <span class='ocrx_word' id='word_1_190' title='bbox 438 2950 468 2994; x_wconf 88' lang='lat' dir='ltr'>et</span> <span class='ocrx_word' id='word_1_191' title='bbox 505 2932 639 2994; x_wconf 81' lang='lat' dir='ltr'>accusari</span> <span class='ocrx_word' id='word_1_192' title='bbox 695 2937 879 3016; x_wconf 81' lang='lat' dir='ltr'>plicationea</span> <span class='ocrx_word' id='word_1_193' title='bbox 895 2936 1118 3020; x_wconf 78' lang='lat' dir='ltr'>reliquosque</span> <span class='ocrx_word' id='word_1_194' title='bbox 1131 2945 1196 3000; x_wconf 78' lang='lat' dir='ltr'>dira</span> 
     </span>
     <span class='ocr_line' id='line_1_27' title="bbox 149 3019 1197 3108; baseline 0 -25"><span class='ocrx_word' id='word_1_195' title='bbox 149 3020 341 3108; x_wconf 78' lang='lat' dir='ltr'>magistratus</span> <span class='ocrx_word' id='word_1_196' title='bbox 356 3041 423 3082; x_wconf 88' lang='lat' dir='ltr'>non</span> <span class='ocrx_word' id='word_1_197' title='bbox 444 3021 532 3087; x_wconf 79' lang='lat' dir='ltr'>licet:</span> <span class='ocrx_word' id='word_1_198' title='bbox 551 3022 637 3079; x_wconf 74' lang='lat' dir='ltr'>Sina</span> <span class='ocrx_word' id='word_1_199' title='bbox 694 3020 896 3082; x_wconf 74' lang='lat' dir='ltr'>felloadilata</span> <span class='ocrx_word' id='word_1_200' title='bbox 916 3019 1086 3100; x_wconf 85' lang='lat' dir='ltr'>spectare,</span> <span class='ocrx_word' id='word_1_201' title='bbox 1111 3026 1197 3105; x_wconf 83' lang='lat' dir='ltr'>supra</span> 
     </span>
     <span class='ocr_line' id='line_1_28' title="bbox 152 3103 1197 3184; baseline 0.003 -15"><span class='ocrx_word' id='word_1_202' title='bbox 152 3109 323 3181; x_wconf 77' lang='lat' dir='ltr'>dictatore,</span> <span class='ocrx_word' id='word_1_203' title='bbox 347 3105 412 3166; x_wconf 85' lang='lat' dir='ltr'>fieri</span> <span class='ocrx_word' id='word_1_204' title='bbox 435 3110 564 3165; x_wconf 84' lang='lat' dir='ltr'>omnino</span> <span class='ocrx_word' id='word_1_205' title='bbox 580 3125 640 3184; x_wconf 84' lang='lat' dir='ltr'>po·</span> <span class='ocrx_word' id='word_1_206' title='bbox 695 3108 736 3166; x_wconf 87' lang='lat' dir='ltr'>ad</span> <span class='ocrx_word' id='word_1_207' title='bbox 759 3103 845 3163; x_wconf 88' lang='lat' dir='ltr'>istum</span> <span class='ocrx_word' id='word_1_208' title='bbox 865 3105 970 3163; x_wconf 91' lang='lat' dir='ltr'>locum</span> <span class='ocrx_word' id='word_1_209' title='bbox 989 3107 1197 3173; x_wconf 74' lang='lat' dir='ltr'>docuimua·</span> 
     </span>
     <span class='ocr_line' id='line_1_29' title="bbox 150 3187 1195 3272; baseline -0.002 -18"><span class='ocrx_word' id='word_1_210' title='bbox 150 3191 224 3267; x_wconf 76' lang='lat' dir='ltr'>ran,</span> <span class='ocrx_word' id='word_1_211' title='bbox 254 3208 288 3251; x_wconf 92' lang='lat' dir='ltr'>ut</span> <span class='ocrx_word' id='word_1_212' title='bbox 309 3193 459 3261; x_wconf 85' lang='lat' dir='ltr'>dictator,</span> <span class='ocrx_word' id='word_1_213' title='bbox 494 3210 555 3270; x_wconf 83' lang='lat' dir='ltr'>pro</span> <span class='ocrx_word' id='word_1_214' title='bbox 582 3209 636 3261; x_wconf 86' lang='lat' dir='ltr'>ea,</span> <span class='ocrx_word' id='word_1_215' title='bbox 740 3187 920 3272; x_wconf 71' lang='lat' dir='ltr'>Hor-tensis]</span> <span class='ocrx_word' id='word_1_216' title='bbox 965 3191 1079 3254; x_wconf 78' lang='lat' dir='ltr'>fratris</span> <span class='ocrx_word' id='word_1_217' title='bbox 1137 3201 1195 3254; x_wconf 86' lang='lat' dir='ltr'>einr</span> 
     </span>
    </p>

    <p class='ocr_par' dir='ltr' id='par_1_5' title="bbox 144 3274 1201 4219">
     <span class='ocr_line' id='line_1_30' title="bbox 173 3274 1197 3355; baseline 0.002 -19"><span class='ocrx_word' id='word_1_218' title='bbox 173 3298 245 3336; x_wconf 87' lang='lat' dir='ltr'>uam</span> <span class='ocrx_word' id='word_1_219' title='bbox 261 3274 354 3335; x_wconf 85' lang='lat' dir='ltr'>habet</span> <span class='ocrx_word' id='word_1_220' title='bbox 370 3275 527 3346; x_wconf 85' lang='lat' dir='ltr'>summam,</span> <span class='ocrx_word' id='word_1_221' title='bbox 546 3289 639 3354; x_wconf 80' lang='lat' dir='ltr'>pote·</span> <span class='ocrx_word' id='word_1_222' title='bbox 694 3278 823 3345; x_wconf 89' lang='lat' dir='ltr'>uterini,</span> <span class='ocrx_word' id='word_1_223' title='bbox 846 3275 934 3355; x_wconf 90' lang='lat' dir='ltr'>qnod</span> <span class='ocrx_word' id='word_1_224' title='bbox 957 3294 995 3334; x_wconf 83' lang='lat' dir='ltr'>ex</span> <span class='ocrx_word' id='word_1_225' title='bbox 1021 3278 1197 3340; x_wconf 82' lang='lat' dir='ltr'>Plutarcho</span> 
     </span>
     <span class='ocr_line' id='line_1_31' title="bbox 148 3298 1196 3423; baseline -0.001 0"><span class='ocrx_word' id='word_1_226' title='bbox 148 3298 226 3423; x_wconf 58' lang='lat' dir='ltr'>Rata</span> <span class='ocrx_word' id='word_1_227' title='bbox 253 3361 333 3421; x_wconf 82' lang='lat' dir='ltr'>nolit</span> <span class='ocrx_word' id='word_1_228' title='bbox 361 3381 431 3420; x_wconf 85' lang='lat' dir='ltr'>eum</span> <span class='ocrx_word' id='word_1_229' title='bbox 461 3363 537 3417; x_wconf 77' lang='lat' dir='ltr'>inire</span> <span class='ocrx_word' id='word_1_230' title='bbox 566 3373 639 3419; x_wconf 79' lang='lat' dir='ltr'>ante</span> <span class='ocrx_word' id='word_1_231' title='bbox 692 3365 724 3420; x_wconf 89' lang='lat' dir='ltr'>in</span> <span class='ocrx_word' id='word_1_232' title='bbox 742 3359 827 3418; x_wconf 84' lang='lat' dir='ltr'>Sulla</span> <span class='ocrx_word' id='word_1_233' title='bbox 847 3363 1022 3420; x_wconf 81' lang='lat' dir='ltr'>coniicitur.</span> <span class='ocrx_word' id='word_1_234' title='bbox 1072 3361 1196 3423; x_wconf 80' lang='lat' dir='ltr'>Manut.</span> 
     </span>
     <span class='ocr_line' id='line_1_32' title="bbox 149 3441 1198 3527; baseline 0 -19"><span class='ocrx_word' id='word_1_235' title='bbox 149 3445 356 3517; x_wconf 80' lang='lat' dir='ltr'>consulatum,</span> <span class='ocrx_word' id='word_1_236' title='bbox 378 3463 472 3526; x_wconf 84' lang='lat' dir='ltr'>quarn</span> <span class='ocrx_word' id='word_1_237' title='bbox 490 3444 636 3503; x_wconf 80' lang='lat' dir='ltr'>iudicium</span> <span class='ocrx_word' id='word_1_238' title='bbox 734 3441 839 3527; x_wconf 79' lang='lat' dir='ltr'>calor]</span> <span class='ocrx_word' id='word_1_239' title='bbox 892 3463 952 3524; x_wconf 88' lang='lat' dir='ltr'>pro</span> <span class='ocrx_word' id='word_1_240' title='bbox 989 3445 1198 3510; x_wconf 79' lang='lat' dir='ltr'>absolutiora</span> 
     </span>
     <span class='ocr_line' id='line_1_33' title="bbox 147 3527 1198 3610; baseline 0.003 -18"><span class='ocrx_word' id='word_1_241' title='bbox 147 3528 218 3603; x_wconf 69' lang='lat' dir='ltr'>llatt</span> <span class='ocrx_word' id='word_1_242' title='bbox 241 3528 293 3591; x_wconf 87' lang='lat' dir='ltr'>sed</span> <span class='ocrx_word' id='word_1_243' title='bbox 314 3547 418 3590; x_wconf 86' lang='lat' dir='ltr'>tamen</span> <span class='ocrx_word' id='word_1_244' title='bbox 440 3538 515 3610; x_wconf 88' lang='lat' dir='ltr'>quin</span> <span class='ocrx_word' id='word_1_245' title='bbox 537 3527 637 3588; x_wconf 85' lang='lat' dir='ltr'>abl&#39;ol·</span> <span class='ocrx_word' id='word_1_246' title='bbox 694 3537 864 3590; x_wconf 81' lang='lat' dir='ltr'>eontentio.</span> <span class='ocrx_word' id='word_1_247' title='bbox 894 3528 1073 3591; x_wconf 78' lang='lat' dir='ltr'>Defensurn</span> <span class='ocrx_word' id='word_1_248' title='bbox 1100 3534 1198 3596; x_wconf 84' lang='lat' dir='ltr'>abeo</span> 
     </span>
     <span class='ocr_line' id='line_1_34' title="bbox 149 3609 1198 3689; baseline 0.003 -12"><span class='ocrx_word' id='word_1_249' title='bbox 149 3628 248 3689; x_wconf 77' lang='lat' dir='ltr'>retur,</span> <span class='ocrx_word' id='word_1_250' title='bbox 270 3613 347 3675; x_wconf 85' lang='lat' dir='ltr'>mihi</span> <span class='ocrx_word' id='word_1_251' title='bbox 358 3615 486 3675; x_wconf 78' lang='lat' dir='ltr'>dubium</span> <span class='ocrx_word' id='word_1_252' title='bbox 502 3633 567 3675; x_wconf 86' lang='lat' dir='ltr'>non</span> <span class='ocrx_word' id='word_1_253' title='bbox 583 3609 640 3673; x_wconf 75' lang='lat' dir='ltr'>ett-</span> <span class='ocrx_word' id='word_1_254' title='bbox 693 3610 853 3674; x_wconf 80' lang='lat' dir='ltr'>Messalam</span> <span class='ocrx_word' id='word_1_255' title='bbox 882 3629 913 3673; x_wconf 87' lang='lat' dir='ltr'>et</span> <span class='ocrx_word' id='word_1_256' title='bbox 939 3611 1131 3680; x_wconf 86' lang='lat' dir='ltr'>absolutum</span> <span class='ocrx_word' id='word_1_257' title='bbox 1164 3616 1198 3679; x_wconf 84' lang='lat' dir='ltr'>li·</span> 
     </span>
     <span class='ocr_line' id='line_1_35' title="bbox 147 3698 1198 3782; baseline 0.004 -21"><span class='ocrx_word' id='word_1_258' title='bbox 147 3701 365 3774; x_wconf 65' lang='lat' dir='ltr'>viderentur,</span> <span class='ocrx_word' id='word_1_259' title='bbox 390 3698 545 3780; x_wconf 81' lang='lat' dir='ltr'>quiillum</span> <span class='ocrx_word' id='word_1_260' title='bbox 558 3698 637 3756; x_wconf 83' lang='lat' dir='ltr'>ode·</span> <span class='ocrx_word' id='word_1_261' title='bbox 693 3698 818 3782; x_wconf 78' lang='lat' dir='ltr'>gnificat</span> <span class='ocrx_word' id='word_1_262' title='bbox 833 3700 877 3757; x_wconf 90' lang='lat' dir='ltr'>M.</span> <span class='ocrx_word' id='word_1_263' title='bbox 896 3698 1029 3762; x_wconf 77' lang='lat' dir='ltr'>Coelius</span> <span class='ocrx_word' id='word_1_264' title='bbox 1055 3708 1092 3763; x_wconf 88' lang='lat' dir='ltr'>in</span> <span class='ocrx_word' id='word_1_265' title='bbox 1125 3705 1198 3765; x_wconf 85' lang='lat' dir='ltr'>dua·</span> 
     </span>
     <span class='ocr_line' id='line_1_36' title="bbox 146 3776 1198 3869; baseline 0 -23"><span class='ocrx_word' id='word_1_266' title='bbox 146 3776 450 3869; x_wconf 55' lang='lat' dir='ltr'>tinelleneminem·</span> <span class='ocrx_word' id='word_1_267' title='bbox 493 3781 532 3840; x_wconf 81' lang='lat' dir='ltr'>Et</span> <span class='ocrx_word' id='word_1_268' title='bbox 549 3781 642 3863; x_wconf 85' lang='lat' dir='ltr'>quod·</span> <span class='ocrx_word' id='word_1_269' title='bbox 693 3783 750 3843; x_wconf 88' lang='lat' dir='ltr'>bua</span> <span class='ocrx_word' id='word_1_270' title='bbox 772 3781 907 3863; x_wconf 82' lang='lat' dir='ltr'>epistolis</span> <span class='ocrx_word' id='word_1_271' title='bbox 948 3782 1003 3844; x_wconf 89' lang='lat' dir='ltr'>lib.</span> <span class='ocrx_word' id='word_1_272' title='bbox 1033 3788 1125 3853; x_wconf 82' lang='lat' dir='ltr'>vm.</span> <span class='ocrx_word' id='word_1_273' title='bbox 1161 3787 1198 3850; x_wconf 82' lang='lat' dir='ltr'>ad</span> 
     </span>
     <span class='ocr_line' id='line_1_37' title="bbox 147 3864 1092 3947; baseline -0.004 -16"><span class='ocrx_word' id='word_1_274' title='bbox 147 3872 256 3947; x_wconf 59' lang='lat' dir='ltr'>ain-si</span> <span class='ocrx_word' id='word_1_275' title='bbox 276 3890 331 3946; x_wconf 80' lang='lat' dir='ltr'>per</span> <span class='ocrx_word' id='word_1_276' title='bbox 352 3871 548 3945; x_wconf 63' lang='lat' dir='ltr'>interregem,</span> <span class='ocrx_word' id='word_1_277' title='bbox 570 3867 640 3941; x_wconf 81' lang='lat' dir='ltr'>fine&#39;</span> <span class='ocrx_word' id='word_1_278' title='bbox 692 3869 776 3929; x_wconf 82' lang='lat' dir='ltr'>Fam.</span> <span class='ocrx_word' id='word_1_279' title='bbox 797 3888 824 3927; x_wconf 80' lang='lat' dir='ltr'>a.</span> <span class='ocrx_word' id='word_1_280' title='bbox 840 3882 872 3928; x_wconf 85' lang='lat' dir='ltr'>et</span> <span class='ocrx_word' id='word_1_281' title='bbox 883 3882 914 3942; x_wconf 73' lang='grc'>3.</span> <span class='ocrx_word' id='word_1_282' title='bbox 960 3864 1092 3937; x_wconf 68' lang='lat' dir='ltr'>Manat,</span> 
     </span>
     <span class='ocr_line' id='line_1_38' title="bbox 147 3949 1066 4035; baseline -0.001 -19"><span class='ocrx_word' id='word_1_283' title='bbox 147 3957 273 4031; x_wconf 68' lang='lat' dir='ltr'>iurstrr&#39;a,</span> <span class='ocrx_word' id='word_1_284' title='bbox 293 3957 430 4029; x_wconf 75' lang='lat' dir='ltr'>rereait.</span> <span class='ocrx_word' id='word_1_285' title='bbox 458 3954 538 4011; x_wconf 89' lang='lat' dir='ltr'>Nam</span> <span class='ocrx_word' id='word_1_286' title='bbox 554 3949 637 4011; x_wconf 85' lang='lat' dir='ltr'>Mes·</span> <span class='ocrx_word' id='word_1_287' title='bbox 700 3972 705 3981; x_wconf 83' lang='lat'>·</span> <span class='ocrx_word' id='word_1_288' title='bbox 736 3961 760 4014; x_wconf 73' lang='lat' dir='ltr'>ir</span> <span class='ocrx_word' id='word_1_289' title='bbox 776 3949 933 4035; x_wconf 59' lang='lat' dir='ltr'>anaim]</span> <span class='ocrx_word' id='word_1_290' title='bbox 954 3957 1066 4021; x_wconf 76' lang='lat' dir='ltr'>obiter.</span> 
     </span>
     <span class='ocr_line' id='line_1_39' title="bbox 144 4034 1201 4122; baseline 0.009 -21"><span class='ocrx_word' id='word_1_291' title='bbox 144 4038 494 4122; x_wconf 49' lang='lat' dir='ltr'>[dietwintemge&#39;m</span> <span class='ocrx_word' id='word_1_292' title='bbox 505 4034 641 4104; x_wconf 74' lang='lat' dir='ltr'>,consule</span> <span class='ocrx_word' id='word_1_293' title='bbox 708 4052 718 4077; x_wconf 84' lang='lat'>··</span> <span class='ocrx_word' id='word_1_294' title='bbox 736 4036 858 4120; x_wconf 67' lang='lat' dir='ltr'>ranna]</span> <span class='ocrx_word' id='word_1_295' title='bbox 873 4059 877 4065; x_wconf 94' lang='lat'>·</span> <span class='ocrx_word' id='word_1_296' title='bbox 892 4047 1053 4118; x_wconf 49' lang='lat' dir='ltr'>*quantula</span> <span class='ocrx_word' id='word_1_297' title='bbox 1090 4064 1201 4111; x_wconf 69' lang='lat' dir='ltr'>ectum</span> 
     </span>
     <span class='ocr_line' id='line_1_40' title="bbox 146 4121 991 4219; baseline -0.004 -33"><span class='ocrx_word' id='word_1_298' title='bbox 146 4123 443 4219; x_wconf 39' lang='lat' dir='ltr'>creatohludicium</span> <span class='ocrx_word' id='word_1_299' title='bbox 463 4122 503 4184; x_wconf 88' lang='lat' dir='ltr'>de</span> <span class='ocrx_word' id='word_1_300' title='bbox 527 4141 567 4184; x_wconf 80' lang='lat' dir='ltr'>eo</span> <span class='ocrx_word' id='word_1_301' title='bbox 590 4121 634 4184; x_wconf 84' lang='lat' dir='ltr'>la·</span> <span class='ocrx_word' id='word_1_302' title='bbox 691 4125 730 4183; x_wconf 87' lang='lat' dir='ltr'>iri</span> <span class='ocrx_word' id='word_1_303' title='bbox 757 4136 930 4206; x_wconf 80' lang='lat' dir='ltr'>putaretur.</span> <span class='ocrx_word' id='word_1_304' title='bbox 986 4138 991 4153; x_wconf 95' lang='lat'><strong>·</strong></span> 
     </span>
    </p>

    <p class='ocr_par' dir='ltr' id='par_1_6' title="bbox 258 4218 1064 4273">
     <span class='ocr_line' id='line_1_41' title="bbox 258 4218 1064 4273; baseline 0.005 -4"><span class='ocrx_word' id='word_1_305' title='bbox 258 4226 294 4271; x_wconf 70' lang='lat' dir='ltr'>⁴att.</span> <span class='ocrx_word' id='word_1_306' title='bbox 844 4218 875 4273; x_wconf 57' lang='lat' dir='ltr'>l:</span> <span class='ocrx_word' id='word_1_307' title='bbox 905 4242 909 4253; x_wconf 88' lang='grc'>·</span> <span class='ocrx_word' id='word_1_308' title='bbox 939 4260 947 4271; x_wconf 85' lang='grc'><strong><em>.</em></strong></span> <span class='ocrx_word' id='word_1_309' title='bbox 1061 4230 1064 4237; x_wconf 82' lang='grc'><strong>“</strong></span> 
     </span>
    </p>
   </div>
   <div class='ocr_carea' id='block_1_5' title="bbox 0 0 1258 4808">
    <p class='ocr_par' dir='ltr' id='par_1_7' title="bbox 0 0 1258 4808">
     <span class='ocr_line' id='line_1_42' title="bbox 0 0 1258 4808; baseline 0 0"><span class='ocrx_word' id='word_1_310' title='bbox 0 0 1258 4808; x_wconf 95' lang='lat' dir='ltr'> </span> 
     </span>
    </p>
   </div>
  </div>
 </body>
</html>
