2506 4808
351 337 636 410 oeisrouo
680 345 834 411 cvm.
1063 368 1107 435 35

73 549 159 595 rem.
204 523 489 593 Aedificatiouem
502 528 633 595 Arcani
656 531 696 596 ad
718 545 814 598 tuum
830 533 1012 603 adveutum
1037 540 1105 608 sus-

72 635 197 695 tentari
222 631 385 716 placebat.
431 630 514 705 Fac,
546 637 594 696 mi
615 633 738 708 freter,
771 646 811 699 ut
832 635 961 712 valeas,
992 663 1104 725 quam.

70 737 290 820 primumque
313 737 440 797 venias.
531 750 539 759 ·

80 938 399 1048 'reisrom
441 941 589 1078 cum.
641 928 726 1070 (ae
754 978 859 1053 niv.
896 983 942 1055 v,
980 986 1055 1078 12.)
1099 1074 1103 1092 ι
1156 1064 1158 1070 ,

309 1159 373 1220 Scr.
388 1158 425 1218 A.
440 1158 480 1221 U.
497 1158 533 1220 C.
558 1158 630 1244 697.
652 1159 756 1222 meuse
769 1165 869 1227 Maio.
900 1173 902 1179 “

72 1327 231 1391 Lucceium
248 1338 356 1407 rogat,
378 1339 410 1386 ut
424 1328 576 1403 historiam
598 1331 635 1386 de
656 1334 739 1388 rebus
756 1333 820 1407 suis
838 1356 858 1392 a
876 1336 1024 1411 principio
1037 1359 1102 1398 con·

113 1434 270 1491 iurationis
290 1428 485 1490 Catilinorioe
508 1448 600 1511 usque
616 1435 656 1488 ad
672 1435 803 1492 reditum
823 1437 1002 1513 conscribar,
1023 1462 1102 1501 eam·

114 1554 169 1612 que
189 1556 208 1591 a
229 1533 439 1592 continentibus
454 1535 518 1610 suis
531 1533 672 1607 scriptis,
692 1537 722 1592 in
745 1537 843 1612 quibus
862 1552 1038 1616 perpetuam
1055 1565 1102 1609 n·

113 1657 181 1693 rum
191 1631 392 1695 Romanarum
412 1635 566 1711 historiam
582 1637 811 1712 complectatur,
830 1641 978 1719 secernat.
1028 1669 1033 1679 ¹

113 1859 164 1925 Μ.
182 1857 229 1923 Τ.
252 1855 456 1925 CICERO
484 1855 523 1925 S«
536 1858 582 1923 D.
599 1857 639 1922 L.
661 1857 924 1939 LUCCEIO‚
952 1863 996 1954 Q.
1020 1864 1058 1931 o.

184 2030 311 2095 Coram
338 2048 393 2088 me
414 2039 530 2092 tecum
553 2027 671 2092 eadem
693 2025 777 2092 haec
800 2050 901 2118 agere
930 2029 1025 2121 saepe
1048 2055 1108 2104 cm

72 2144 214 2199 nantem
238 2133 404 2194 deterruit
424 2128 536 2217 pudor
558 2129 712 2212 quidam,
748 2151 853 2218 paene
878 2131 1100 2222 subrusticum

73 2257 157 2319 quae
171 2256 262 2298 nunc
277 2252 474 2318 expromam
492 2229 608 2296 absens
624 2230 797 2296 audacius.
841 2233 985 2321 Epistola
1010 2244 1104 2304 enim

72 2360 145 2402 non
168 2334 342 2399 erubescit.
385 2332 504 2398 Ardeo
529 2332 713 2419 cupiditate
734 2335 947 2410 incredssrih',
974 2359 1104 2422 neque,

73 2450 114 2501 ut
138 2459 201 2523 ego
222 2437 386 2508 arbitror,
413 2431 714 2520 reprehendenda,
744 2457 870 2500 nomen
893 2450 931 2501 ut
952 2437 1104 2502 nostrum

74 2538 205 2625 scriptis
227 2535 408 2601 illustretur
432 2547 466 2597 et
489 2533 682 2598 celebretur
703 2541 782 2615 tuis,
826 2535 927 2626 Quod
948 2536 1004 2602 etsi
1020 2536 1104 2607 mihi

73 2639 171 2727 saepe
195 2637 343 2701 ostendis
366 2650 399 2699 te
417 2634 480 2699 esse
497 2636 684 2699 facturum:
705 2648 819 2705 tamen
834 2638 986 2726 ignoscas
1002 2640 1104 2721 velim

74 2740 156 2804 huic
181 2735 511 2804 festinationi'meae.
554 2734 671 2798 Genus
697 2743 784 2800 enim
808 2736 1008 2827 scriptorum
1031 2757 1105 2806 tuo·

74 2864 174 2914 rum,
200 2837 254 2903 etsi
279 2850 351 2900 erat
372 2836 500 2925 semper
519 2857 605 2899 aure
622 2833 839 2903 vehementer
855 2838 1105 2926 exspectatum,

75 2955 190 3006 tamen
208 2946 285 3004 uicit
301 2945 495 3024 opinionem
510 2957 636 3007 meam,
658 2959 778 3019 meque
797 2945 843 3004 ita
856 2941 909 3006 vel
925 2947 1031 3029 cepit,
1051 2941 1105 3008 vel

75 3041 247 3118 incendit,
266 3055 304 3104 ut
320 3060 478 3126 cuperem
499 3058 599 3120 qiium
616 3037 792 3104 celerrime
808 3062 862 3105 res
883 3041 1016 3105 nostras
1038 3066 1107 3108 mo·

76 3149 247 3208 numentis
273 3139 504 3206 commendari
527 3138 607 3201 tuls.
665 3135 782 3219 Neque
804 3146 894 3203 enim
924 3164 978 3205 me
1000 3141 1112 3231 solum

44 3286 47 3291 ,
78 3248 356 3308 commemoratio
372 3239 574 3330 posteritatis
590 3239 632 3302 acl
647 3236 737 3327 spem
755 3242 922 3322 quandum
934 3246 1108 3312 immorta·

119 3679 253 3764 Arcani]
294 3681 448 3741 Arcanum
475 3700 567 3760 praee
622 3678 753 3760 putabet
768 3680 936 3756 ostendis&
950 3679 1114 3765 quodne!

78 3767 163 3827 dium
174 3782 245 3826 erut
262 3765 301 3845 Q.
318 3767 475 3826 Ciceronis
493 3785 567 3844 pro·
623 3762 666 3824 est
684 3761 893 3826 necessarium.
951 3821 953 3825 ,

77 3873 120 3930 pe
137 3853 319 3911 Minturnas.
340 3851 380 3910 od
391 3849 521 3912 Altlss.
540 3870 567 3911 1.
665 3855 906 3909 commemoratio
915 3851 1114 3937 posteritatis]
1226 3845 1230 3851 ⁵

77 3937 118 4004 Ὺ.
148 3961 172 3998 ι.
194 3939 234 3996 X.
257 3956 285 3994 2.
624 3931 683 3994 scil.
702 3934 907 4004 olibristuim
931 3940 1115 4018 quie‚quae

122 4018 214 4099 Epist.
231 4019 340 4080 CVsll.
377 4019 569 4094 saepeosten·
626 4035 661 4079 tu
691 4016 843 4100 scripsisti,
887 4041 903 4079 u
933 4016 1117 4101 posteritate

79 4106 148 4191 dis]
189 4103 343 4167 Ernestius
376 4104 571 4166 scribendum
627 4102 966 4173 commemorabuntur.
987 4100 1117 4185 Ernesti.
