2506 4808
281 310 580 392 ,EPISTOLA
622 314 712 383 LII.
944 325 1015 409 365

87 502 286 572 inminui,
321 510 357 565 te
384 503 579 567 innocentia
599 524 668 565 non
689 507 843 579 vineant,
875 510 1015 573 vincunt

87 616 121 659 en
137 598 267 665 artificio
287 600 534 667 benivolentiae
557 601 785 689 colligendae,
823 609 881 690 qui
901 628 1013 689 neque

87 718 130 763 mr
155 698 418 787 Xenophontis,
461 724 572 786 neque
600 700 792 790 Agefilaum
823 712 1010 777 noverint:

87 823 138 865 um
165 825 282 889 regum
313 800 442 869 summo
470 811 512 869 in
540 808 684 889 imperio
712 826 820 877 nenio
848 828 1008 890 umquam

87 924 128 967 un
139 902 244 973 ullum
256 902 400 991 asperius
416 906 552 970 audivit.

87 1003 141 1071 led
163 1003 246 1071 haec
266 1027 286 1069 a
305 1012 471 1095 principio
496 1009 557 1071 tibi
571 1010 811 1093 ¹praecipiens,
846 1012 1039 1090 quantum5

88 1111 300 1178 cerim‚·non
319 1114 453 1195 ignoro.
497 1107 596 1171 Nunc
619 1108 924 1175 tamen-decedens
953 1111 1008 1192 (id

88 1206 172 1273 mihi
187 1213 253 1272 iam
267 1209 380 1273 facere
393 1209 539 1290 videris)
555 1205 725 1289 relinque,
745 1209 882 1291 quaeso,
895 1231 1007 1293 ¹quam

87 1306 247 1373 diffimam
275 1314 473 1373 memoriam
503 1313 563 1373 tui.
627 1305 862 1373 Successorem
891 1309 1005 1379 nabes

87 1411 219 1476 indum:
242 1423 358 1477 cetera
373 1409 469 1475 valde
484 1409 574 1475 illius
592 1408 739 1475 adventu
757 1422 814 1473 tua
827 1416 1004 1494 ,requiren-

89 1512 129 1577 lu
155 1510 264 1598 literis
288 1510 466 1576 mittendis
490 1514 548 1592 (ut
568 1508 662 1595 saepe
683 1511 725 1573 ad
746 1524 780 1575 te
801 1509 933 1599 sctipfi)
953 1518 1003 1588 ni·

101 1625 138 1676 te
160 1611 366 1677 exorabilem
382 1609 572 1698 praebuisti.
617 1606 720 1675 Tolle
738 1634 878 1686 omnes,
898 1611 920 1677 fi
942 1636 1001 1702 po·

87 1719 209 1798 tiques,
229 1713 311 1777 tolle
324 1711 512 1785 inusitatas,
532 1710 615 1775 tolle
630 1719 830 1778 contrarias.
869 1711 998 1781 Statius

87 1821 244 1888 narravit,
267 1814 407 1901 scriptas
423 1814 464 1877 ad
477 1827 512 1877 te
528 1814 630 1877 solere
645 1815 786 1888 afferri,
806 1814 847 1879 ab
869 1811 998 1901 selegi:

87 1922 217 1999 iniquae
237 1915 315 1990 sint,
336 1913 408 1978 lieri
422 1931 455 1978 te
470 1920 662 1979 certiorem.
701 1912 998 1997 Antequanl‚vero

87 2018 106 2081 d
128 2030 163 2083 te
183 2017 339 2091 venisset,
360 2015 490 2080 nullum
510 2015 681 2080 delectum
697 2014 872 2080 literarum
891 2011 1000 2079 fuisse:

107 2117 172 2183 elle
196 2117 363 2183 volumina
384 2115 577 2181 lelectarnm
600 2117 830 2204 epistolarum,
850 2137 933 2200 quue
949 2138 1001 2180 re·

87 2220 141 2287 udi
166 2217 318 2287 solerent.
360 2217 437 2283 Hoc
462 2217 503 2281 de
519 2240 643 2304 genere
664 2216 748 2283 nihil
768 2232 802 2283 te
823 2240 913 2283 nuuc
929 2219 1000 2299 qui·

87 2342 213 2386 noneo:
250 2321 322 2384 sero
352 2318 398 2382 est
422 2325 533 2393 coilo,
565 2342 602 2383 ac
627 2319 709 2384 scire
731 2333 849 2405 putee,
876 2316 997 2389 multa,

87 2431 155 2496 rie,
176 2422 420 2508 diligenterque
438 2421 610 2487 monuisse.
653 2421 740 2484 Illud
755 2434 886 2488 tamen,
906 2414 998 2497 quod

87 2547 207 2614 pornpo
223 2522 391 2596 uiaiidavi,
412 2546 514 2605 quum
532 2522 631 2586 cllem
649 2523 841 2586 admonitus
861 2513 996 2601 abipso,

87 2649 133 2690 ier
157 2625 312 2689 homines
334 2637 485 2687 amantes
514 2629 581 2698 tui,
617 2623 707 2706 quod
735 2620 781 2684 elt
802 2618 921 2691 facile,
956 2629 996 2681 ut

87 2749 192 2791 enera
207 2725 367 2788 tolluntur
384 2725 606 2811 epistolarum,
626 2729 775 2811 primum
788 2725 995 2801 iniquarum:

87 2853 96 2894 e
116 2831 378 2893 contrariarum:
408 2838 482 2888 tum
506 2826 662 2897 absurde,
688 2839 722 2889 et
744 2820 896 2888 inulitate
917 2817 995 2882 scri·

87 2953 121 2994 n:
144 2928 316 3016 postremo
336 2932 369 2989 in
393 2925 535 3008 aliquem
559 2924 888 2992 contumeliosamm.
931 2918 996 2983 Atss

87 3057 117 3120 go
139 3029 309 3094 hacetum
334 3024 415 3099 elle,
434 3049 532 3109 quam
559 3029 675 3101 audio,
698 3051 765 3090 non
789 3037 891 3113 puto:
914 3032 948 3085 et
970 3015 992 3083 li

87 3131 350 3217 *ocupationibus
380 3131 447 3190 tuis
477 3135 588 3190 mimis
616 3125 861 3198 animadversa,
901 3144 992 3187 nunc

87 3258 139 3307 ee,
171 3241 205 3294 et
225 3251 344 3316 purga.
384 3228 466 3313 Legi
491 3229 678 3313 epistolam,
709 3250 808 3311 quam
828 3223 897 3311 ipse
917 3222 993 3287 leri-

87 3333 171 3401 Sulla
194 3330 428 3395 nomenclator
448 3329 558 3393 (lictus
585 3330 650 3401 est,
678 3352 747 3415 non
766 3325 993 3415 probandam

87 3431 237 3502 unitullas
256 3430 447 3494 iracundae
743 3420 747 3429 ’

347 3620 615 3636 w

87 3743 250 3829 intrarint]
284 3743 453 3826 inquibus
503 3749 551 3804 ite
573 3754 615 3803 lut
637 3763 707 3806 eum
731 3740 881 3824 dignitate
901 3756 993 3819 pree*

114 3836 174 3893 tuis
202 3826 338 3908 epistolis
360 3849 454 3907 repu·
509 3831 584 3889 toris
606 3842 638 3887 et
658 3826 879 3889 consuetudine
892 3824 994 3882 conei-

87 3934 147 3978 eta
164 3913 276 3994 teipso
293 3915 453 4003 discedere
505 3913 576 3973 lieri
602 3926 739 3994 nequeat
766 3910 917 3971 scribendi
939 3922 993 3988 ge·

87 4091 130 4146 rie
147 4095 179 4144 et
196 4081 356 4163 inusitate]
374 4082 450 4173 ¹¹2³
507 4020 637 4159 nullom
663 4082 722 4157 ipse
742 4060 889 4157 scripscsse
912 4066 995 4145 Sulla!
