2506 4808
362 320 643 392 EPISTOLA
681 325 816 395 xcu.
1061 348 1107 420 at

71 513 163 601 quod
191 512 370 578 commode
400 512 513 576 facere
543 510 660 599 possis:
699 526 739 578 ut
766 520 953 579 exercitum
982 516 1103 606 religio

70 616 188 689 tollat,
209 627 244 678 te
269 629 443 676 auctorem
464 612 597 678 leuatus
619 621 775 679 retineat.
818 615 955 682 Crassus
977 625 1040 683 tris
1056 621 1103 686 le·

68 731 170 806 gatos
187 715 361 789 decernit,
382 735 446 777 nec
463 711 613 777 excludit
621 713 839 804 Pompeium.
874 716 996 789 Censet
1010 727 1101 786 enim

68 823 170 882 etiam
186 837 230 880 ex
246 820 308 889 us,
331 819 388 899 qui
403 835 482 877 cum
496 818 640 902 imperio
657 813 730 880 lint.
772 813 914 884 Bibulus
927 824 1001 919 tris.
1009 820 1101 909 lega·

450 1054 720 1071 Q

64 1238 99 1286 et
138 1219 328 1283 restituendo
370 1220 554 1283 Ptolemaeo
612 1223 680 1294 ille,
704 1223 824 1304 inquit,
855 1225 903 1283 uir
921 1224 1011 1299 suin
1044 1249 1098 1289 nor

65 1306 236 1392 agebatur,
273 1326 340 1368 non
376 1308 418 1366 de
447 1306 554 1388 prole·
610 1309 727 1384 quidem
741 1314 959 1384 contemnendi,
977 1315 1096 1394 quintu

64 1394 194 1474 quendo
211 1407 244 1453 et
266 1390 460 1452 deducendo.
503 1393 557 1453 sic
610 1403 722 1450 ctorem
744 1395 877 1467 odimus,
910 1409 978 1454 acta
996 1397 1097 1468 defen·

64 1493 98 1539 et
110 1477 207 1558 paulo
225 1475 296 1556 post
312 1473 363 1538 eti.
385 1471 510 1551 Ernesti.
609 1480 716 1540 dimus.
781 1481 952 1541 Auctorem
1005 1499 1097 1546 vocnt

107 1563 190 1642 quod
205 1565 358 1618 commode
369 1558 473 1628 facere
487 1562 552 1638 pos·
610 1561 771 1624 Caesarem
780 1605 788 1634 ,
810 1583 829 1622 ι
843 1584 909 1645 qno
924 1565 977 1626 illtt
990 1588 1097 1630 muna·

56 1647 134 1792 iii
148 1643 552 1792 ¹ii·¹.i⁰.¹ii.‘¹iii¹.3².'if
606 1653 1096 1812 iiiitpimiiiiiissid

61 1832 109 1876 ten
127 1819 208 1874 inter
230 1820 384 1872 commodo
406 1814 552 1889 reinfa·
607 1812 728 1874 Manut.
1085 1824 1090 1845 ¹

62 1922 129 1959 cere
147 1900 255 1976 poffis,
278 1916 308 1959 et
332 1903 484 1958 commode
504 1903 552 1958 uel

62 1989 216 2042 commodo
240 1984 348 2054 facere
380 1987 486 2060 postis,
520 1999 552 2045 et

58 2074 214 2128 commode
230 2073 261 2128 id
268 2069 375 2138 facere
391 2072 497 2146 poffi‘t,
520 2085 552 2130 et

60 2158 214 2213 commode
237 2156 283 2214 vel
312 2159 464 2212 commodo
487 2176 551 2211 rem

51 2239 160 2314 facere
178 2239 275 2315 possis.
320 2242 453 2298 Primum
472 2261 549 2296 Com·

61 2329 151 2384 modo
167 2329 239 2399 reip.
257 2320 396 2384 estined.
411 2328 549 2384 omnium

59 2417 161 2492 prima
184 2411 346 2481 Ilomana,
372 2409 460 2489 quod
488 2428 548 2488 pro

60 2500 240 2557 coniectura
268 2489 359 2552 affert
389 2495 547 2553 Manutius

60 2580 222 2660 ediditque
263 2591 351 2654 1534.
382 2580 547 2639 Victorius.

59 2666 198 2726 Alterum
213 2667 365 2720 commode
370 2661 548 2737 facerepof-

51 2753 95 2827 sis
115 2755 148 2810 in
169 2749 216 2809 ed.
232 2750 280 2807 Jo.
303 2751 382 2827 Spir.
404 2769 431 2807 a.
458 2749 547 2826 1469.

57 2835 109 2896 ed.
131 2848 216 2910 1471.
236 2836 389 2889 commodo
404 2831 432 2901 f.
447 2854 476 2907 p.
496 2833 544 2891 ed.

57 2919 147 2980 Med.
164 2921 316 2974 commode
331 2921 363 2974 id
370 2916 426 2980 Ml.
442 2914 546 2976 noller

57 3002 112 3064 led
127 3023 145 3062 e
159 3007 361 3062 correctione.
400 3003 546 3082 Denique

58 3091 212 3145 commodo
222 3084 321 3155 rernf.
331 3108 360 3161 p.
368 3089 448 3146 vict.
458 3087 507 3147 ed.
517 3106 546 3146 a.

55 3175 118 3234 Alii
135 3189 168 3232 ut
184 3173 245 3232 Gu.
264 3194 291 3229 2.
315 3175 467 3228 commode
483 3190 545 3226 rem

48 3258 124 3332 fin.
151 3256 228 3315 Mihi
244 3261 395 3332 optimum
413 3257 544 3325 videtur,

56 3346 139 3425 quod
154 3345 306 3399 commode
322 3340 423 3400 facere
439 3339 544 3413 postis:

56 3450 121 3485 rem
150 3444 180 3487 et
208 3429 240 3484 id
268 3422 441 3508 glollaiorit
474 3420 546 3486 elle·

59 3509 186 3587 Ernesti.

98 3609 128 3653 te
156 3607 306 3653 auctorem
328 3595 448 3669 senatus
473 3595 543 3650 reii-

54 3680 144 3762 neat]
167 3697 201 3740 ut
222 3686 405 3739 auctoritate
425 3675 544 3736 Lentuli

54 3775 179 3846 potius,
212 3786 304 3845 quam
333 3760 487 3841 potestate
512 3775 544 3821 et

56 3856 164 3922 armis,
199 3855 365 3908 exercitum
391 3847 543 3928 religione

54 3936 203 4005 tollente,
243 3932 442 3994 Alexandrini
470 3931 543 3989 Pto·

53 4019 177 4080 lemano
196 4017 444 4079 reconcilientur.
480 4015 544 4073 Eo·

54 4105 129 4166 dem
149 4104 253 4175 inodo,
269 4101 347 4161 Phil.
368 4100 408 4176 Π,
446 4119 471 4161 c.
491 4111 543 4180 57.

654 1896 794 1982 Crassus]
811 1901 857 1962 M.
866 1901 997 1964 Licinius
1007 1903 1096 1967 Cal·

607 1983 673 2056 lus,
694 2005 777 2044 nunc
798 1987 925 2065 quidem
946 1991 977 2048 in
1001 1990 1104 2050 Pom·-

606 2075 712 2150 peium
731 2068 812 2127 male
830 2076 992 2146 animatur,
1004 2076 1095 2154 quod

606 2156 720 2214 iudicat
736 2175 784 2232 ep.
801 2169 850 2232 93.
869 2158 929 2232 (ad
943 2158 982 2237 Q.
996 2159 1044 2221 Fr.
1055 2159 1094 2223 ll.

606 2242 659 2315 5.)
680 2237 733 2301 sed
749 2256 836 2299 anno
858 2237 996 2320 sequenti
1019 2263 1095 2306 con·
1157 2242 1164 2255 '

605 2323 683 2383 lules
701 2328 814 2384 iterum
838 2329 950 2396 creati,
971 2330 1002 2386 in
1024 2349 1094 2412 gra·

605 2413 678 2469 tiam
701 2409 870 2468 redieruut.
915 2407 1053 2470 Manat..

647 2513 698 2550 nec
733 2494 866 2551 excindit
894 2489 1092 2581 Pompeium]

605 2582 654 2637 cui
683 2577 902 2638 frumentariae
925 2586 1092 2644 curationii

604 2667 702 2743 gratia
717 2677 787 2722 toto
803 2662 883 2722 orbe
896 2656 1048 2724 terrarum
1059 2681 1092 2728 et

603 2748 722 2807 leuatur
735 2763 765 2806 et
774 2746 912 2826 populus
926 2752 1092 2828 imperium
1184 2804 1188 2817 .

604 2831 735 2890 dedet-ut
781 2833 906 2911 e.87.
945 2835 1005 2912 (nd
1026 2837 1090 2901 Au.

601 2915 655 2975 IV.
676 2917 720 2993 r.)
815 2926 896 2976 aaut.
1091 2939 1094 2943 ·

644 3003 698 3080 qni
723 3019 787 3056 cum
811 3001 959 3084 imperio]
993 3000 1092 3080 Impa-

603 3087 681 3142 rium
705 3083 820 3163 duplex
845 3090 919 3161 l'ttit3
950 3092 1091 3149 urbanum

603 3181 632 3226 et
644 3170 837 3245 provinciale.
873 3166 1021 3230 Urbanum
1038 3190 1091 3238 aut

603 3273 619 3312 a
641 3253 764 3333 populo
786 3254 918 3315 dabatur
932 3273 984 3316 eut
1006 3280 1022 3318 a
1048 3258 1092 3321 le·

601 3353 692 3414 natu3
717 3339 873 3417 apopulo
897 3339 1090 3420 consulibua,

601 3421 817 3503 praeteribat,
842 3427 895 3504 qui
914 3431 1092 3490 centuriatis

602 3511 733 3567 comitiis
755 3511 850 3568 creati
867 3513 1003 3572 maiores
1025 3535 1091 3575 ma·

602 3591 740 3674 gillratus
762 3592 969 3654 vocabantur:
1001 3616 1019 3656 a
1046 3597 1091 3658 se·

600 3692 676 3736 natu
719 3676 886 3749 dictatori,
925 3673 1090 3764 interregit

600 3765 654 3841 qui
698 3761 790 3822 nullis
836 3767 966 3825 comitiis
1004 3768 1089 3829 SCto

600 3844 794 3905 creabantur.
838 3848 918 3906 Num
948 3847 1090 3913 censores

599 3929 672 3989 licet
689 3934 770 3989 inter
783 3935 917 3991 maiores
932 3931 1090 4014 magistre·

600 4028 649 4074 tur
679 4019 941 4086 nominarentur,
985 4027 1089 4082 tamen

598 4117 659 4161 trec
671 4102 847 4180 imperium,
865 4118 925 4159 nec
938 4101 1090 4164 ferendae

924 4195 995 4261 Ca
