2506 4808
259 318 540 401 rrusroun
567 320 676 398 tn.
915 338 986 417 ,σς

89 519 98 569 t
115 523 235 604 gratias
256 504 428 594 acturum,
448 530 504 583 aut
519 514 605 604 quafi
626 523 774 586 inimicis
794 524 980 589 incommo-

91 633 132 681 ω.
171 618 262 711 Quid
279 619 407 684 multa?
424 621 555 685 ferebat
566 625 731 707 graviter,
752 633 787 685 et
800 620 979 690 vehemen-

89 735 163 786 tcum
179 723 400 805 querebatur,
420 724 622 806 orabatque,
642 733 680 785 ut
701 721 744 785 ad
763 733 911 806 tequam
932 723 980 789 di-

89 816 166 888 ssime
186 821 384 886 scriberem:
417 824 507 908 quod
528 823 636 896 facio,
659 834 693 886 et
718 834 753 887 te
775 822 911 911 prorius
927 845 997 891 ve·-

90 929 253 990 teretium
276 937 375 1008 atque
395 930 496 991 etiam
515 944 618 1011 rogo,
639 935 677 989 ut
699 934 734 987 et
755 928 1008 1010 procuratori,

89 1030 137 1089 uii
157 1033 315 1092 remittas
339 1028 382 1093 de
406 1025 646 1099 diminuendo,
667 1036 702 1090 et
716 1022 983 1110 'Apollonidien-

101 1126 223 1210 nequid
246 1126 455 1215 perscribas,
491 1126 582 1212 quod
615 1138 737 1191 contra
756 1123 905 1193 Flavium
927 1127 982 1193 iit:
1068 1188 1073 1205 ,

88 1246 119 1302 s,
140 1238 187 1290 ·et
202 1226 305 1293 Flavii
325 1226 438 1303 causa,
467 1241 502 1292 et
529 1226 655 1293 scilicet
676 1225 845 1315 Pompeii,
877 1227 982 1293 facias

121 1327 210 1393 Nolo
223 1328 458 1415 mediusfidius
475 1349 518 1393 ex
531 1341 590 1393 tua
603 1334 726 1394 iniuria
736 1335 772 1395 in
788 1326 901 1403 illum,
919 1331 983 1398 tibi

88 1453 130 1493 im
150 1451 206 1494 me
228 1431 347 1499 videri.
381 1428 464 1497 Sed
484 1441 520 1493 te
542 1450 622 1503 oro,
652 1442 692 1495 ut
710 1428 781 1517 ipse
807 1436 984 1497 auctorita·

88 1544 100 1595 t
121 1544 381 1597 monumentum
405 1528 540 1615 aliquod
564 1529 713 1606 decreti,
732 1544 789 1598 aut
808 1532 985 1600 literarum

88 1657 93 1695 r
115 1632 306 1717 relinquas,
327 1632 417 1718 quod
438 1630 477 1695 fit
501 1630 543 1694 ad
557 1629 660 1698 Flavii
683 1654 776 1707 rem,
797 1646 832 1698 et
847 1635 888 1699 ad
912 1654 985 1700 cau
1051 1668 1058 1675 ·

88 1734 346 1800 :ommodatum
388 1734 468 1798 Fert
481 1737 571 1817 enim
587 1740 737 1822 graviter
753 1733 857 1801 homo
873 1749 907 1800 et
918 1745 986 1806 mei

88 1834 281 1908 tutissimus,
304 1846 338 1899 et
356 1834 403 1902 sui
424 1836 526 1908 iuris,
549 1833 790 1921 dignitatisque
813 1842 987 1911 retinens3

87 1938 97 2001 i
118 1950 153 2002 te
174 1957 284 2022 neque
298 1941 463 2009 amicitia,
483 1956 592 2018 neque
616 1940 689 1999 iure
705 1934 855 2003 valuisse:
879 1950 928 2013 et,
947 1954 988 2003 ut

87 2083 97 2114 ‚
118 2036 222 2103 Flavii
243 2035 421 2121 aliquando
443 2057 517 2101 rem
538 2050 573 2100 et
589 2034 790 2125 Pompeius,
810 2051 844 2115 et
865 2038 986 2105 Caesar

87 2137 387 2203 amendaruntuet
406 2136 476 2226 ipse
491 2138 532 2203 ad
544 2150 580 2209 te
594 2137 767 2227 scripserat
782 2139 930 2216 Flavius,
952 2152 988 2205 et

87 2252 149 2304 rte.
195 2237 308 2329 Quare
322 2235 344 2301 fi
358 2236 426 2303 ulla
439 2258 495 2303 res
512 2236 577 2312 est,
599 2261 700 2323 quam
718 2243 781 2305 tibi
796 2262 851 2304 me
865 2241 987 2307 facien-

87 2352 200 2406 etente
221 2352 340 2428 putes,
362 2337 445 2439 haec
467 2359 504 2403 ea
526 2337 575 2403 iit.
619 2339 658 2406 Si
680 2362 734 2404 me
757 2361 868 2415 amas,
888 2363 988 2418 cura,

102 2769 115 2802 ,
142 2744 202 2788 nec
223 2745 282 2798 ne,
316 2724 446 2785 iudicari
500 2724 660 2804 permittas
681 2719 716 2784 ut
731 2722 877 2784 debonis
895 2725 989 2786 Octa·

86 2828 141 2874 iat.
206 2813 320 2871 Monet
352 2815 444 2892 igitur
501 2813 542 2870 vii
559 2809 740 2870 deminuere
755 2806 880 2890 poffint.
915 2805 987 2867 Μά-

86 2919 114 2958 m
150 2912 258 2957 contra
285 2894 446 2956 cousuetu-
502 2903 563 2954 our,
972 2944 977 2959 ,,

89 3002 162 3045 eurn
185 2977 305 3051 fecilio,
328 2985 382 3061 qui
400 2983 446 3038 iu·
547 2973 627 3035 Nolo
656 2977 881 3063 mediusfidius]
921 2978 997 3041 noli'

86 3070 108 3127 it
126 3063 243 3127 deberi.
285 3061 404 3123 Manat.
504 3063 631 3123 credere
639 3105 650 3135 ,
671 3084 722 3124 me
737 3062 796 3124 buc
808 3064 848 3125 de
863 3083 899 3139 re
914 3059 991 3146 pro·

86 3149 310 3231 rmodaturum]
330 3153 448 3209 Sicau·
502 3163 612 3227 pterea
641 3163 743 3208 tecum
774 3168 884 3233 agere,
915 3155 991 3232 quie

89 3257 107 3296 e
156 3236 227 3307 cod.
265 3235 362 3295 Pelet.
392 3235 446 3295 tv.
503 3232 693 3295 liberalitatis
731 3233 858 3294 laudem
894 3255 992 3316 qnae-

87 3320 196 3383 iaudat
221 3321 371 3383 Gruterus
400 3338 448 3378 ro·
503 3339 570 3377 ram
603 3337 640 3376 ex
668 3339 708 3377 eo
739 3319 849 3392 iacto,
902 3319 993 3400 quod

129 3408 235 3486 Vulgo
264 3407 449 3462 incommoda
502 3401 683 3462 iniuriosum
713 3399 765 3462 est.
808 3403 876 3487 Ego
905 3420 993 3483 tunm

85 3511 100 3553 ι.
144 3492 207 3549 Sed
234 3488 294 3548 alia
318 3509 448 3568 quoque
502 3491 646 3547 iniurium
674 3486 743 3547 tolli
762 3486 856 3558 volo,
895 3482 992 3549 existi-

85 3574 163 3635 erbir
180 3589 327 3651 corrupta
344 3574 449 3632 viden·
502 3576 649 3632 marionis
677 3587 750 3631 tuae
778 3570 884 3648 ceusu
925 3592 993 3635 non

85 3675 103 3719 et
122 3681 171 3720 res
190 3655 256 3738 ipse
277 3658 371 3718 babet
395 3659 449 3718 uli·
503 3658 536 3716 id
565 3677 644 3740 ago,
682 3671 717 3715 ut
737 3656 847 3717 videor
872 3661 904 3717 in
924 3656 993 3718 Flu·

85 3743 260 3805 bscuritutir.
504 3746 588 3805 vium
613 3738 755 3801 liberalis.
806 3736 928 3799 Manat.
966 3776 977 3813 g
1045 3763 1048 3770 ·

85 3826 270 3910 ehernenter]
305 3826 351 3886 Ita
380 3823 449 3886 ieri-
520 3878 522 3883 .
539 3827 596 3902 sed
616 3837 646 3884 te
661 3848 713 3883 oro
733 3836 764 3882 ut
780 3825 862 3909 ipse]
885 3824 993 3909 Vulgo

85 3936 102 3974 o
130 3911 191 3975 effe
213 3933 274 3992 pro
312 3915 344 3967 id
367 3913 447 3968 ueie-
498 3912 554 3988 sed
582 3920 611 3969 et
641 3920 671 3968 te
709 3933 762 3968 oro
792 3921 824 3969 ut
859 3921 891 3968 tu
923 3911 994 3985 ipse.

99 4001 221 4060 monuit
242 3993 405 4056 Erucium.
506 3995 605 4076 Quod
621 4013 691 4056 rece
717 4000 745 4065 i,
766 3992 905 4059 Ernestio
921 3990 996 4079 post

86 4093 143 4143 itas
175 4086 220 4149 de,
236 4080 449 4165 diruirurendo]
506 4082 659 4145 Faunum
678 4018 806 4167 Idaquit.
906 4162 909 4167 Ι
975 4082 979 4089 ’
