2506 4808
337 265 620 382 sessionis
661 316 811 383 cvm.
1055 333 1101 408 29

60 508 190 579 dolore,
199 526 305 588 aequo
317 507 438 576 animo,
448 504 550 567 modo
562 525 640 566 cum
650 501 760 578 laude,
771 518 974 571 moreretur·
989 507 1096 574 Cuius

61 610 213 674 studium
223 613 261 672 in
277 604 422 693 legendo
438 627 509 669 non
528 617 678 670 erectum
689 602 917 681 Themistocli¹
931 608 1027 696 fuga,
1048 630 1098 674 re·

446 814 709 835 Ἣ

104 958 193 1015 niodo
215 977 279 1016 cnm
302 954 413 1040 lotide]
437 955 554 1014 Mirum

60 1043 208 1124 proiecto
236 1039 278 1102 est
293 1039 464 1102 Ernestium
486 1037 515 1098 h.
533 1039 553 1100 s.

62 1146 217 1210 quaerere
233 1125 383 1207 potuisse,
406 1123 554 1207 quorsum

63 1211 200 1272 addetur
223 1234 287 1270 cam
316 1214 422 1284 landa,
457 1209 554 1289 idque

62 1297 149 1358 haud
165 1298 261 1358 dubie
276 1318 292 1356 a
306 1294 479 1382 glossatoris
496 1315 555 1353 no·

63 1399 96 1445 ta
116 1383 321 1463 repetendum
337 1377 466 1464 putasse.
501 1381 558 1456 Aa

64 1472 120 1550 qui
148 1489 213 1525 cnm
240 1471 327 1526 lande
352 1470 487 1546 pertinet
515 1462 555 1522 ad

63 1554 302 1634 Epaminondae
329 1551 468 1612 nobilem
492 1551 555 1607 ani-

63 1659 151 1698 mam
173 1638 271 1698 laudis
295 1641 430 1718 potius,
459 1653 555 1715 quam

64 1729 147 1784 vitae
163 1744 296 1783 avarum.
331 1722 478 1782 Sicanim
492 1720 556 1777 Ne·

64 1824 336 1889 peruastatos).
379 1803 419 1862 At
435 1799 555 1879 Epami.

65 1897 197 1965 nondas,
225 1915 316 1971 pisam
339 1893 556 1948 animadverte·

64 1992 113 2038 ret
127 1978 316 2046 mamistram
331 1978 365 2052 se
389 1977 490 2032 valnas
510 1993 555 2029 ac·

65 2065 180 2139 cepiffe,
200 2065 361 2141 sitiensque,
380 2063 409 2136 si
418 2058 556 2131 ferram,

66 2152 144 2228 qaod
158 2171 198 2207 ex
211 2150 308 2224 liastili
324 2149 354 2204 in
370 2166 494 2220 corpore
512 2159 556 2200 re*

66 2237 231 2311 manserat,
266 2233 459 2308 extraxisset,
494 2230 557 2287 aas·

66 2343 147 2378 anam
158 2321 192 2393 se
204 2321 309 2397 statim
325 2319 502 2393 emissarum,
513 2332 556 2370 ns-

68 2428 128 2487 qne
143 2427 176 2462 eo
194 2404 326 2476 retinnit,
350 2405 445 2479 quoad
454 2420 556 2456 reatin-

68 2493 175 2549 tiatam
202 2491 260 2565 eft,
283 2489 383 2564 vicisse
409 2483 559 2544 Boeotias.

72 2573 109 2633 sd
130 2577 286 2656 postquam
308 2575 441 2643 audivit,
465 2571 557 2645 satis,

70 2665 168 2742 inquit
199 2664 284 2727 vi'xi;
329 2662 453 2716 invictas
482 2657 560 2711 enim

69 2748 193 2804 morior.
244 2739 334 2815 Titan,
348 2742 439 2811 ferro
459 2752 559 2798 extra·

71 2843 129 2905 cte,
146 2829 298 2905 confestim
315 2829 500 2885 exanimatas
510 2825 560 2900 esi.

69 2918 235 2976 Praeterea
259 2915 416 2973 Ciceronis
444 2909 561 2970 sensum

72 3006 193 3080 optime
218 2996 346 3058 illustrat
368 2999 455 3056 locus
471 2994 538 3054 Tus
553 3038 560 3053 .

72 3087 113 3165 Q.
130 3086 167 3145 ll.
191 3090 239 3161 alp.
276 3105 334 3139 non
348 3084 479 3157 sentiant
503 3081 562 3136 oiri

64 3170 167 3241 fortes
185 3172 214 3227 in
232 3170 295 3225 acia
311 3171 451 3236 calestra,
475 3167 522 3222 vel
533 3165 563 3239 si

66 3256 239 3331 sentiuntse
255 3255 332 3309 mori
340 3255 462 3321 tnalttnt,
476 3270 562 3325 attam

73 3344 224 3398 tantillam
239 3343 327 3396 inodo
347 3341 384 3395 de
405 3337 562 3413 dignitatis

69 3430 172 3503 gradiz
200 3426 361 3482 demoveri.
406 3416 563 3497 Fulgentes

73 3514 192 3589 gladios
213 3511 335 3586 hostiam
351 3508 487 3565 videbant
501 3502 562 3561 De-

73 3599 130 3668 cii,
172 3616 263 3672 qtnnn
287 3597 317 3656 in
341 3594 435 3650 aciem
463 3612 565 3647 eornm

75 3684 233 3739 irruebant.
251 3675 306 3734 His
320 3681 437 3735 levabat
450 3697 566 3733 omnem

75 3770 228 3826 vulneram
275 3774 385 3821 metam
428 3763 565 3819 nobilitas

70 3855 180 3921 ,snartis
215 3861 245 3906 et
271 3850 380 3927 gloria.
427 3844 510 3903 Nam
534 3858 567 3903 tta

76 3937 248 4015 ingemuisse
260 3931 497 4008 Epaminondam
514 3952 565 4005 pn·

76 4036 122 4080 tas
149 4042 240 4102 aziam
270 4042 327 4077 sina
356 4041 421 4076 cnm
442 4019 567 4092 sangni-

77 4130 113 4166 ne
143 4111 236 4166 vitam
267 4103 390 4176 cfslaere
422 4102 568 4179 sentiret?

613 952 812 1034 Imperantem
853 958 931 1016 enim
967 962 1101 1033 patriam

614 1041 855 1102 Lacedaemoniis
902 1044 1099 1120 relinquebat,

611 1151 702 1210 qnam
723 1138 877 1204 acceperat
908 1130 1099 1204 servientem.
1119 1169 1123 1175 ·

610 1215 696 1297 Ergo
733 1214 916 1275 servandum
952 1211 994 1273 est
1035 1237 1100 1275 cusa

611 1303 720 1370 laade;
754 1319 820 1360 non
845 1297 956 1359 dubito
978 1314 1100 1375 tamen,

612 1390 687 1467 quin
705 1384 816 1444 Cicero
841 1380 1005 1463 scripserit,
1039 1409 1100 1444 mo·

612 1474 650 1527 do
684 1489 748 1527 casn
775 1471 881 1539 lande,
921 1466 983 1527 hoc
1013 1474 1102 1531 nimi·

611 1576 682 1616 rum
704 1551 805 1614 sensu:
830 1563 861 1610 nt
879 1546 1101 1628 Epaminondas

612 1640 1103 1720 etiamiavalnerisdolore,quern

612 1724 701 1784 molti
716 1743 820 1803 aequo
838 1728 941 1784 animo
958 1722 1041 1784 haud
1057 1727 1104 1786 le·

612 1825 702 1883 runt,
726 1830 822 1889 aequo
847 1811 945 1866 animo
973 1831 1103 1870 rnorere·

614 1907 678 1964 tar,
692 1895 723 1969 si
736 1897 824 1950 inodo
840 1915 904 1949 cain
919 1897 1007 1952 lande
1021 1899 1103 1957 mori

613 1976 723 2060 posset.
774 1978 920 2039 Cetermn
948 1977 1102 2040 diversitas

613 2067 797 2124 narrationis
816 2063 902 2142 apud
918 2062 1103 2125 Ciceronem

616 2165 646 2209 et
666 2151 824 2230 Nepotem
848 2167 865 2205 a
885 2147 1033 2209 Diodoro
1055 2151 1104 2209 Si·

615 2233 688 2293 culo
723 2232 776 2294 lib.
796 2233 867 2292 XV.
904 2233 1103 2308 conciliatur,

615 2322 670 2400 qui
718 2320 812 2378 resert
854 2318 1105 2395 Epaminondam

615 2424 711 2486 quum
723 2403 832 2463 medici
842 2398 989 2473 dixissent,
1004 2400 1105 2463 simul·

615 2511 651 2550 ac
663 2487 811 2568 spiculum
828 2484 901 2545 esset
916 2485 1059 2561 evulsum,
1075 2492 1106 2548 ei

616 2575 813 2634 moriendum
850 2568 926 2644 else,
968 2578 1106 2652 primum

617 2656 793 2738 quaesivisse
811 2677 850 2715 an
866 2656 991 2739 clypeos
1008 2657 1105 2720 salvus

617 2741 709 2820 elset3
738 2742 851 2802 deinde
870 2763 909 2800 an
922 2743 1048 2802 Boeotii
1063 2748 1107 2803 vi·

617 2825 737 2889 cissent:
775 2843 806 2886 et
824 2846 919 2906 quom
937 2843 1107 2909 utrumqne

618 2910 691 2974 esset
703 2910 898 2984 affirmatum,
907 2908 1004 2975 statim
1020 2915 1106 2976 lerro

618 3013 773 3069 extracto,
795 3001 950 3080 egregiam
973 3002 1108 3059 animam

619 3079 773 3144 efflavisse.
817 3082 857 3140 Et
872 3097 1039 3163 utrumque
1056 3083 1109 3143 ali·

618 3171 651 3232 bi
672 3169 739 3247 ipse
757 3168 868 3226 Cicero
888 3170 1048 3252 coniungit
1068 3169 1109 3230 de

618 3253 717 3316 Finib.
733 3253 785 3310 lib.
805 3251 842 3310 11.
864 3273 888 3311 e.
906 3266 960 3324 50.
1076 3285 1081 3291 ·

669 3332 855 3411 Themistocli
885 3337 968 3415 ‚stiga
998 3339 1109 3396 reditu·

620 3422 700 3506 qne]
744 3419 984 3483 Themistoclem
1009 3429 1112 3483 vivam

620 3508 756 3570 Athenas
780 3505 864 3566 haud
884 3505 1022 3581 rediisse,
1057 3507 1112 3568 sed

621 3589 808 3676 Magnesiae
826 3608 1003 3663 mortuum,
1028 3608 1060 3653 et
1079 3595 1114 3657 in

621 3683 723 3740 Attica
755 3676 834 3737 clam
860 3675 1021 3737 humatum
1051 3673 1114 3738 elia

624 3761 751 3824 constat.
794 3767 840 3822 Ac
859 3778 978 3822 tantum
1005 3761 1113 3821 aberat

622 3864 658 3908 nt
672 3851 782 3908 Cicero
799 3845 862 3907 hoc
879 3851 1037 3931 ignoraret
1047 3889 1056 3919 ‚
1079 3860 1115 3906 ut

622 3937 727 4013 potins
748 3936 781 3992 in
794 3933 891 3991 Bruto
914 3931 1059 4013 idipsum
1077 3950 1115 3994 ez

624 4017 789 4102 Thucydie
815 4017 963 4078 retulerit.
1003 4018 1117 4099 Itaque

624 4099 680 4165 nii
693 4107 792 4163 redita
811 4110 969 4186 exponere
988 4101 1061 4170 velis
1074 4100 1118 4166 de
