2506 4808
236 303 519 374 rrrsroan
559 303 715 385 urm.
757 307 906 383 Lxrv.
1014 329 1078 413 η,

87 487 215 557 lesbiam
228 498 279 559 tei
292 491 475 559 studiosum
491 490 556 563 esse
574 495 735 559 arbitror:
758 493 956 582 Pompeium
972 502 1078 563 etiam

87 590 269 659 bulatorem
288 607 382 681 puto.
427 592 498 660 Sed
526 591 609 658 haec
633 601 762 661 utinam
791 619 859 660 non
880 593 1074 682 experiare!

87 694 140 759 uod
152 715 313 780 precarer
327 695 429 768 deos,
451 691 510 758 nili
531 715 623 760 meas
640 716 759 783 preces
782 696 897 760 audire
911 693 1074 764 desissent.

87 793 290 860 'erumtarnen
319 818 462 882 precor,
503 808 542 859 ut
572 793 623 860 bis
651 793 795 864 infinitis
823 797 945 862 nostris
976 799 1074 866 malis

87 901 196 961 intenti
216 893 296 961 fint:
318 902 353 960 in
370 899 492 980 quibus
508 921 578 964 non
602 899 704 963 modo
719 911 833 963 tamen
848 898 974 965 nullius
989 897 1075 967 ineir

87 1004 174 1064 eccati
194 999 347 1078 infamia3
371 996 427 1061 sed
443 1006 552 1064 omnis
568 999 667 1065 dolor
686 999 750 1073 est,
772 999 864 1084 quod
878 1006 1006 1088 optime
1028 1002 1075 1067 fa·

87 1106 108 1165 is
119 1119 230 1186 poena
249 1097 295 1162 est
309 1103 454 1162 maxima
469 1098 657 1165 constituta

120 1200 240 1266 Filiam
261 1221 388 1274 meam,
418 1212 453 1264 et
475 1213 587 1274 tuam,
611 1201 880 1284 Ciceronemque
901 1164 1104 1280 nostrum,5

87 1301 122 1368 id
146 1323 232 1390 ego,
263 1302 454 1375 mitterer,
487 1301 549 1366 tibi
572 1296 833 1367 commendem?
879 1308 959 1386 quin
984 1303 1072 1379 illuct

87 1425 195 1479 nereo,
217 1401 309 1486 quod
330 1405 391 1465 tibi
411 1423 482 1467 non
502 1407 669 1468 minorem
688 1402 844 1467 dolorem
865 1401 1001 1471 illorum
1018 1426 1073 1470 or·

87 1527 128 1572 as
149 1505 288 1579 alseret,
323 1524 423 1586 quam
450 1500 545 1567 mibi.
590 1501 677 1577 Sed,
712 1516 746 1569 te
775 1504 957 1580 incolumi,
991 1508 1072 1573 orbi

87 1631 110 1675 n
128 1620 242 1679 erunt.
287 1603 444 1686 Reliqua,
462 1609 509 1670 ita
530 1602 614 1668 mibi
636 1605 721 1672 salus
745 1605 854 1690 aliqua
875 1605 992 1681 detur,
1009 1629 1070 1694 po·

87 1711 208 1794 'tasque
235 1712 269 1772 in
297 1711 407 1794 patria
435 1705 628 1782 moriendi,
671 1721 709 1774 ut
732 1731 786 1773 me
811 1708 970 1773 lacrimae
996 1729 1070 1773 non

87 1824 149 1881 unt
163 1808 320 1874 scribere.
361 1807 473 1891 Etiam
488 1803 688 1874 Terentiam
702 1809 803 1874 velim
817 1821 951 1883 tueare,
972 1807 1070 1874 mihi·

87 1937 103 1981 e
125 1913 172 1978 de
194 1913 354 1978 omnibus
376 1909 477 1972 rebus
506 1905 680 1974 rescribas.
724 1907 781 1976 Sis
806 1911 924 2001 iuriis,
954 1908 1067 1992 quoad

106 2029 232 2082 natura
252 2015 409 2099 patiatur·
450 2007 568 2074 Idibus
584 2009 708 2084 luniis,
729 2007 1002 2093 Thessalonicae,

136 2203 419 2280 EPISTULA
446 2204 588 2273 LXIV.
634 2206 752 2290 (Att.
773 2208 850 2276 Ill.
880 2207 963 2294 10.)

87 2379 145 2440 ier.
168 2367 406 2434 Thessalonicae
425 2364 512 2427 XIV.
540 2365 611 2427 Kal.
634 2367 742 2448 Quint.
761 2367 799 2429 A.
821 2367 860 2430 U.
886 2370 922 2432 C.
948 2371 1020 2454 695,

87 2531 165 2601 ibit,
181 2527 234 2604 se,
253 2526 394 2607 quoniam
410 2520 500 2579 amici
512 2522 621 2590 velint,
644 2523 714 2579 bene
728 2521 766 2577 de
778 2515 910 2588 fortuna
923 2521 980 2596 sua
995 2523 1065 2598 spe·

87 2644 218 2691 murum
243 2647 269 2687 1.
296 2627 383 2701 suam
396 2633 495 2686 tamen
512 2622 712 2679 calamitatem
726 2623 768 2679 ita
782 2643 923 2702 inagnum
938 2620 1011 2702 effe,
1034 2633 1073 2682 ut

87 2738 112 2794 rb
128 2729 232 2788 Attico
246 2730 344 2803 potius
361 2727 551 2795 relevandus,
574 2742 665 2803 quam
681 2728 716 2782 ob
736 2727 830 2785 animi
844 2723 1067 2800 infirmitatem,

87 2829 330 2913 hiurgandusfit
353 2847 381 2889 a.

268 2987 473 3056 CICERO
516 2985 758 3063 ATTICO,
800 2989 838 3056 S.

114 3148 209 3215 Acta
224 3165 307 3227 quae
329 3141 432 3206 essent
452 3163 562 3224 usque
586 3140 628 3204 acl
641 3113 715 3202 {nn
735 3139 803 3205 kal.
818 3143 892 3206 Iun.
918 3152 1065 3233 cognovi

94 3257 169 3317 tuis
182 3246 302 3311 literis.
348 3243 487 3325 Reliqua
504 3241 752 3328 exspectabam,
770 3255 808 3308 ut
822 3245 883 3306 tibi
899 3244 1064 3332 placebat,

87 3348 318 3418 tessalonicae:
345 3347 465 3427 quibus
487 3343 611 3416 altatis,
631 3343 764 3408 facilius
786 3344 927 3410 statuere
943 3362 1064 3435 potero

87 3513 91 3523 .
115 3452 189 3518 fim.
232 3445 339 3520 Nam,
362 3445 385 3509 fi
409 3451 473 3510 erit
496 3440 650 3516 causa,s1
673 3445 751 3528 quid
774 3460 906 3532 agetur,
928 3445 951 3509 fi
971 3448 1064 3536 spem

416 3621 686 3636 m

87 3753 90 3765 ’
87 3730 272 3815 „afferet]
296 3734 346 3792 Sic
363 3731 446 3791 edidi
464 3749 525 3809 pro
623 3721 905 3805 Epist.1xlv.1st
913 3729 1066 3786 eit-ad

87 3831 151 3892 rt,
169 3833 204 3878 ut
219 3819 312 3900 vulgo
330 3818 441 3877 editur.
469 3815 526 3873 Ed.
583 3823 612 3869 te
626 3810 788 3884 conferam
799 3824 831 3869 ut
846 3824 875 3873 tu
883 3816 1007 3888 scribis
1015 3816 1045 3890 s
1045 3834 1065 3872 n

87 3933 123 3970 n.
143 3904 240 3964 habet
256 3903 338 3974 affe
339 3914 372 3960 at
388 3902 436 3960 ed
451 3898 525 3960 lens.
583 3899 637 3973 ista
655 3919 781 3954 cumulet·
766 3897 840 3978 rint]
873 3896 1000 3957 Restitui
1021 3899 1066 3958 le·

87 4001 157 4053 ret.
192 3983 261 4051 ΜΠ.
286 3986 376 4048 Paris.
404 3984 528 4056 asseret.
583 3983 1067 4063 ctionemveterumaliquotedi·

87 4074 226 4151 Ernesti.
582 4073 703 4128 tionum
717 4072 777 4126 iem
794 4067 936 4128 Corredo
950 4067 1068 4148 proba·
