2506 4808
369 316 647 388 arisroua
696 320 810 387 xer.
1064 332 1107 408 ψ

82 518 177 572 tuum
194 504 301 573 Stoici
316 505 402 570 male
423 510 608 593 accipiunt,
634 511 710 590 quia
727 506 832 579 dicat,
854 501 1030 594 ducooprud,
1051 510 1106 575 nai

80 602 391 694 decernerentur,
420 604 476 669 fibi
499 605 637 669 molesta
661 608 743 672 esse:
777 630 924 690 quorum
944 607 1106 682 alterum,

78 713 237 772 morbum
261 709 433 771 edacitatis
456 705 521 769 esse
541 718 678 792 putant3
698 710 839 773 alterum
856 716 955 773 etiam
978 716 1107 796 turpio·

79 818 128 874 ris
151 800 443 896 intemperantiae.
510 806 600 872 Sane
627 813 822 897 ducrerepsnv
850 816 1104 897 pertimueram.

79 911 151 978 Sed
175 912 239 977 visa
255 910 300 974 est
316 907 399 972 mihi
415 908 468 972 vel
483 907 548 973 loci
569 897 730 982 mutatio,
749 912 803 976 vel
820 917 920 974 animi
940 917 1037 974 etiam
1054 933 1106 975 re-

78 1012 217 1085 laxatio,
239 1013 292 1077 vel
306 1009 372 1098 ipsa
386 1007 521 1074 sortasse
539 1016 603 1072 iam
616 1010 815 1075 senescentis
836 1015 945 1099 mortu
960 1009 1105 1076 remissio

77 1111 248 1200 profuisse.
292 1109 475 1181 Attamen,
496 1132 540 1173 ue
565 1117 706 1184 mirere,
726 1113 817 1174 uude
835 1110 901 1174 hoc'
925 1112 1106 1185 acciderit,
1143 1178 1144 1183 ,

79 1214 294 1297 quomodove
320 1208 556 1274 commiserim:
592 1210 648 1274 lex
670 1211 887 1297 sumptuaria,
910 1232 994 1294 quae
1014 1214 1104 1277 vide-

78 1327 138 1376 tur
159 1308 305 1399 λιτότητα
328 1311 484 1387 attulisse,
506 1335 543 1376 ca
565 1309 648 1375 mihi
669 1313 778 1376 fraudi
796 1313 869 1376 suit.
912 1312 997 1375 Nam
1024 1314 1105 1378 dum

77 1414 198 1480 volunt
211 1414 264 1479 isti
282 1415 365 1480 lauti
380 1426 472 1479 terra
484 1428 581 1487 nata,
606 1435 688 1496 quae
704 1411 779 1499 lege
796 1425 939 1500 excepta
952 1411 1043 1487 suut,
1067 1419 1105 1478 in

77 1514 245 1578 honorem
265 1515 451 1580 adducere:
473 1517 616 1604 fungos,
639 1513 819 1588 homelias,
840 1512 964 1577 herbas
985 1535 1104 1579 onmes

76 1623 124 1680 ita
140 1617 323 1689 condiunt,
344 1630 382 1681 ut
400 1612 485 1680 nihil
499 1613 596 1700 possit
611 1614 674 1678 esse
691 1614 831 1678 suavius.
872 1613 911 1677 I'n
928 1637 982 1679 eas
1000 1638 1105 1697 quum

77 1714 264 1780 incidissem
280 1724 314 1781 in
332 1739 439 1782 coena
453 1714 601 1804 augurali
617 1716 705 1807 apud
715 1715 913 1789 Lentulum,
941 1728 1033 1778 tanta
1049 1736 1104 1778 me

77 1818 215 1905 διοίῤῥοιοι
237 1825 396 1907 arripuit,
430 1832 468 1884 ut
487 1818 588 1883 hodio
613 1822 762 1906 primum
785 1816 938 1881 videatur
962 1814 1103 1906 coepisse

118 2128 289 2213 δυςουρικεί]
343 2130 488 2194 morbum
525 2151 562 2190 ex
618 2132 683 2208 tus)
708 2143 743 2189 ut
768 2150 867 2215 augur
889 2130 955 2192 fieri
989 2130 1101 2214 posset.

76 2214 257 2279 dissicultare
279 2220 385 2280 urinae
392 2259 402 2289 ,
425 2215 445 2276 s.
467 2215 564 2277 streu-
618 2215 752 2281 vuum
768 2223 848 2278 euim
867 2217 916 2277 lex
932 2219 1010 2279 duos
1025 2224 1104 2280 eiur-
1162 2240 1166 2250 ·

75 2307 204 2383 gutiam.
247 2300 562 2382 ducrvrrptuveroror·
619 2300 690 2358 dem
721 2305 840 2380 generis
869 2323 999 2384 ariguree
1025 2303 1103 2363 fieri.

73 2392 158 2448 mina
181 2384 325 2445 viscerum
350 2407 419 2447 cum
443 2384 562 2466 sangui·
617 2385 656 2443 Et
679 2402 744 2444 erat
769 2407 808 2446 eo
838 2401 982 2468 tempore
1006 2409 1103 2469 quum

73 2477 119 2531 nis
140 2492 196 2549 per
219 2471 318 2531 alvum
335 2471 518 2532 deiectione.
618 2485 799 2550 auguratum
822 2474 911 2550 potiit
926 2469 975 2530 hic
991 2474 1105 2547 Lentu·

116 2562 291 2613 asterum—
302 2554 562 2636 intemperantiae]
614 2553 673 2626 lus,
689 2574 787 2636 augur
796 2555 919 2614 faustus
929 2557 1103 2629 cornelius,

72 2642 328 2720 uempeVeneris
357 2642 560 2710 inmodicae,
616 2637 719 2698 Sullae
735 2645 892 2700 dictatoris
910 2639 998 2701 silius.
1041 2641 1103 2700 Ita·

72 2749 91 2783 e
111 2746 173 2805 qua
198 2723 289 2805 saepe
308 2725 461 2808 conrupta
485 2727 560 2786 oriri
615 2743 678 2804 que
693 2726 770 2785 secto
786 2725 846 2808 legi
860 2726 942 2785 sraus
960 2723 1011 2786 ess.
1035 2726 1101 2787 Dio

74 2809 243 2871 dicebatur.
613 2807 820 2872 liutsxxtx,
833 2805 951 2872 Manat.
972 2811 1016 2869 Ex
1032 2831 1101 2871 ore·

115 2899 166 2951 lea
187 2891 396 2975 smnpruariu]
425 2894 557 2968 Licinia,
614 2899 702 2952 tione
725 2914 785 2973 pro
799 2895 905 2960 Sextio
934 2897 1025 2975 069.
1047 2894 1101 2956 ubi

73 2980 114 3040 de
129 3000 190 3059 qua
209 2980 289 3039 Geis.
306 2981 343 3037 N.
359 2983 398 3042 A.
412 2977 450 3039 IL
466 2989 515 3052 24.
614 2978 725 3039 Cicero
740 2980 813 3039 dicit
830 2980 862 3041 P.
874 2981 1007 3041 Lentulo
1024 2980 1102 3042 ado·
1118 3048 1120 3052 ,

612 3061 736 3123 lescenti
763 3062 954 3144 superiorem
984 3084 1101 3126 annum

613 3162 644 3206 et
664 3146 781 3213 virilem
804 3155 915 3228 pauit,
957 3165 987 3209 et
1010 3171 1101 3230 prae·

612 3247 742 3305 textam,
769 3235 883 3315 populi
909 3234 1024 3295 iudicio
1047 3235 1102 3295 de·

106 3063 217 3132 fraudi
230 3061 319 3144 fud]
346 3082 412 3123 non
434 3066 558 3142 decepit

71 3144 555 3221 me,sednocuit.Mannt.1m1no

72 3255 148 3294 vero
158 3234 349 3312 decepitrne,
362 3239 557 3299 orianorum

71 3318 258 3381 [morbum
286 3319 462 3382 inciderem.
506 3321 557 3378 Sic

71 3402 180 3486 postea
207 3404 280 3460 dicit
306 3402 374 3463 seu
401 3401 502 3462 malva
525 3417 557 3462 et

69 3490 142 3550 beta
159 3492 323 3564 deceptum
341 3482 410 3546 esse.

111 3578 191 3645 arrad
203 3570 372 3652 Lentulum]
391 3569 565 3632 Cornelia&

69 3663 168 3740 genus
199 3661 373 3735 patriciae,
417 3660 481 3715 eius
516 3653 558 3716 ed

70 3763 165 3821 quem
203 3741 372 3803 scribuntur
410 3737 558 3822 epistolae

68 3827 122 3887 lib.
136 3828 158 3887 1.
182 3826 221 3884 ad
235 3827 319 3885 Fam.
339 3841 370 3886 et
385 3821 413 3885 h.
434 3846 461 3886 a.
481 3845 556 3887 cou-

67 3912 136 3973 sulis
164 3911 269 3970 sdium.
322 3911 351 3970 Is
382 3911 556 3990 adoptione

613 3313 703 3391 disse,
726 3314 795 3377 setis
817 3334 966 3399 apparet,
986 3320 1101 3380 Leutu-
1207 3346 1210 3352 ’

611 3401 675 3462 lum
697 3399 792 3462 filium
815 3400 878 3463 hoc
902 3402 971 3483 ipso
997 3424 1100 3478 enno,

545 3528 548 3533 -
611 3502 701 3568 patre
716 3485 841 3549 consule
857 3508 1006 3572 augurem
1016 3510 1101 3549 crea·

612 3585 678 3632 turn
699 3567 768 3631 esse.
810 3573 922 3653 ltaque
942 3572 1020 3634 baec
1035 3578 1100 3652 epi·

611 3654 691 3717 stola
711 3663 747 3716 A.
768 3657 807 3716 V.
829 3658 864 3717 C.
888 3659 958 3738 696.
989 3658 1100 3737 scripta

614 3739 675 3811 est,
705 3738 760 3800 uisu
779 3742 863 3803 forto
884 3763 985 3804 coena
1004 3764 1100 3824 eugu-

611 3826 682 3887 relis
712 3831 744 3886 iu
773 3845 887 3888 euuurn
920 3826 1100 3909 sequentem

612 3911 706 3974 dilata
725 3911 829 3971 suerit.

67 4001 186 4057 transiit
201 4002 233 4055 iu
249 4010 372 4075 gentem
386 3996 555 4065 Manlium,
653 3998 791 4055 uideatur,
804 3993 940 4074 coepisse]
967 3991 1004 4054 sc.
1020 3990 1104 4077 διαίρ,

67 4085 100 4159 (u
113 4081 233 4141 Manlio
243 4082 408 4161 ‘t'orquato
421 4081 553 4160 adopta·
611 4079 692 4165 ῥοια,
723 4079 764 4138 de
779 4081 891 4160 quaid
908 4077 951 4138 eti
970 4079 1101 4146 verbum
