2506 4808
470 122 483 163 l

183 330 250 406 334
441 312 558 385 EPIS
573 312 726 384 TOLA
774 314 970 385 LXXXI.

185 507 328 582 confici,
350 507 412 573 des
429 525 585 593 operam,
604 517 642 570 ut
656 526 726 570 uno
744 509 875 593 impetu
897 506 1167 597 perfringentem
1183 512 1211 575 sn

188 632 260 679 eam
277 631 348 674 rem
365 610 564 679 incumbere,
587 619 789 690 ceterosque
808 611 952 671 excites.
999 606 1086 683 Sin,
1107 622 1144 673 ut
1161 630 1209 697 ege

186 710 373 802 perspicio,
399 730 503 793 quum
522 720 579 771 tua
597 712 811 782 coniectura,
830 719 903 773 tum
925 713 1032 775 etiam
1047 732 1136 785 mea,
1155 708 1210 799 spel

185 813 271 880 nihil
298 810 361 876 est:
400 830 463 874 oro
494 807 707 893 obtestorque
736 821 790 881 te,
823 820 863 873 ut
883 807 1055 898 Quintum
1087 811 1211 877 sratretn'

186 934 299 985 ames,
322 932 422 996 quem
446 932 509 997 ego
533 908 691 975 miserum
717 907 836 973 misere
856 912 994 999 perdidi
1001 936 1012 997 ;
1034 934 1122 980 neve
1140 908 1211 997 qul?

186 1038 263 1080 enm
286 1017 412 1100 patiare
435 1017 566 1097 gravius
590 1008 763 1075 consulere
788 1010 831 1075 de
855 1010 906 1086 se,
941 1034 1046 1099 quarn
1069 1036 1133 1103 exp
1171 1018 1178 1033 '

185 1116 313 1181 sororis
335 1126 413 1176 tuae
429 1109 515 1193 lili03
537 1134 651 1175 meum
668 1112 888 1188 Ciceronem,
911 1102 1078 1180 cui'nihil
1096 1112 1155 1179 mis
1194 1104 1199 1113 ¹

88 1254 93 1261 ·
185 1218 340 1298 reliuquo
358 1226 492 1303 praeter
505 1212 666 1277 invidiam
681 1224 715 1276 et
735 1219 955 1301 ignominiam
972 1220 1123 1283 nominis

186 1332 322 1389 tueare,
355 1312 465 1398 quoad
490 1318 639 1399 poteris;
682 1309 903 1392 Terentiam,
938 1338 1045 1383 unam
1072 1322 1159 1385 omni
1181 1314 1194 1329 ’“

188 1412 518 1488 aerumnosrssmmm,
538 1410 701 1477 sustentes
722 1420 790 1479 tuis
812 1413 947 1482 officiis.
992 1420 1070 1509 Ego
1089 1420 1168 1485 inE

187 1518 265 1585 r'um
286 1512 500 1606 proficiscar,
522 1536 626 1598 quum
647 1521 836 1605 primorum
851 1518 988 1583 dierum
1007 1528 1145 1587 nuntios
1162 1514 1170 1523 ⁸

190 1640 327 1706 cepero.
392 1614 451 1681 Tu
481 1616 522 1679 ad
556 1615 713 1680 mevelim
747 1624 913 1705 proximis
943 1618 1079 1696 literis,
1119 1634 1177 1687 ut-

187 1726 284 1793 initia
301 1718 478 1795 dederint,
502 1718 701 1808 perscribas.
745 1719 824 1784 Dat.
840 1721 929 1809 prid.
945 1720 1017 1786 kal.
1032 1723 1189 1791 Decemb.

236 1911 518 1986 EPISTOLA
543 1914 718 1981 LXXXI.
757 1907 836 2001 (ad
855 1914 957 1989 Div.
982 1920 1101 1991 XIV.
1127 1918 1173 2007 3.)
1191 1922 1202 1949 ·“

172 2150 175 2155 ,
290 2081 375 2141 Dete
387 2075 573 2162 Dyrrhachii
587 2076 668 2158 prid.
682 2075 744 2139 kat.
764 2078 842 2141 Dec.
866 2081 905 2141 A.
920 2080 961 2142 U.
978 2082 1018 2144 C.
1046 2082 1121 2165 695.

188 2235 336 2322 {Queritur
354 2235 557 2289 calamitatem
570 2230 627 2305 sua
650 2232 735 2304 culpa
750 2231 810 2305 sibi
827 2243 1013 2291 contractam
1042 2256 1070 2298 r.
1106 2238 1142 2315 se
1155 2228 1211 2293 trto'

230 2337 285 2412 esse
303 2330 502 2412 Dyrrhachii,
524 2333 572 2388 ubi
590 2330 663 2388 velit
681 2353 783 2390 eorum
797 2354 869 2411 quae
882 2336 920 2391 de
934 2335 1039 2411 salute
1055 2338 1115 2414 sua
1131 2356 1208 2417 agan·

229 2453 279 2496 rur
302 2448 436 2496 eventum
458 2431 628 2513 exspectare
634 2453 650 2503 ;
686 2452 779 2516 quare
802 2446 834 2492 ut
855 2452 935 2492 uxor
957 2431 1080 2496 Rome
1109 2462 1138 2498 m

230 2549 330 2618 rogat.
360 2559 390 2598 2.

186 2716 432 2789 TULLIUS
450 2711 773 2781 TERENTIAE
787 2716 859 2781 ET
877 2716 1173 2789 TULLIAEE

417 2814 693 2882 CICERONI
718 2814 860 2892 svis,
885 2818 924 2884 S.
946 2819 993 2884 D.

269 2973 404 3059 Accepi
425 2971 465 3034 ab
481 2965 689 3033 Aristocrito
712 2974 776 3034 tris
802 2968 976 3057 epistolas,
997 2994 1086 3058 quas
1101 2954 1164 3065 ego
1177 2970 1217 3037 le

185 3246 341 3314 stituendo
363 3245 521 3307 serendae.
552 3241 675 3303 Manat.
731 3241 801 3302 cnse
823 3238 959 3323 positum
981 3267 1069 3326 pro:
1093 3269 1149 3309 uno
1168 3248 1211 3305 im·

186 3337 262 3397 Non
300 3348 367 3392 eret
405 3333 494 3413 quod
521 3329 674 3391 Ernestius
730 3339 802 3403 pete
828 3327 1012 3399 conficiatur.
1066 3334 1226 3395 Manutius·

186 3409 674 3492 hicheererc13comparatamul·
731 3428 763 3471 et
789 3411 882 3473 Mich.
912 3414 1028 3477 Brutus
1061 3419 1212 3481 ediderunt

186 3507 283 3563 titudo
321 3501 351 3561 h.
376 3501 395 3561 l.
434 3517 507 3581 epte
546 3502 674 3573 dicitur,
730 3497 1213 3587 perfungantur,subintelligere

185 3596 261 3673 quse
282 3607 347 3648 non
361 3583 459 3646 solum
475 3607 583 3667 preces
600 3592 675 3645 ami·
731 3599 776 3642 tes
799 3602 835 3643 ea
866 3604 949 3665 quoe
971 3584 1149 3649 disiineent.
1184 3584 1213 3647 ΙΙ

184 3660 296 3737 corum
316 3674 493 3743 Ciceronis,
514 3670 676 3750 scdpecu·
732 3666 802 3727 cod.
836 3664 1006 3733 Helmstad.
1038 3670 1084 3732 esl
1105 3668 1212 3749 persu-

185 3767 395 3839 nInequoque
408 3757 509 3816 multis
524 3757 617 3816 deleo
629 3762 676 3815 in·
731 3764 839 3829 gater,
876 3754 950 3813 Inde
975 3756 1133 3819 Graevius
1153 3772 1216 3817 col·

185 3842 393 3912 cercellerent.
729 3842 801 3897 iecit
814 3835 1009 3899 scribendum
1024 3839 1088 3904 elle
1108 3840 1216 3921 persen·

229 3952 285 3988 uno
307 3932 417 4002 impestt
441 3921 673 4007 perfitngatmtr]
730 3944 854 4000 gamar,
876 3924 966 4007 quod
981 3921 1059 3990 sall&
1077 3934 1217 4013 optimu

185 4016 290 4098 Vulgo
300 4026 331 4072 ut
347 4034 402 4070 rozo
419 4015 528 4087 impetu
543 4009 673 4088 perfrin-
731 4006 783 4071 est,

180 4090 296 4182 μίαν,
335 4096 425 4188 quod
453 4094 526 4163 esset
554 4098 675 4158 durius·
