2506 4808
131 348 167 435 ⁶..
253 351 256 357 ·
421 339 704 441 uersuum
745 340 772 408 1.
808 340 867 408 u.

30 605 33 614 ,
137 529 310 620 scripfisse,
326 527 419 596 nihil
439 527 501 593 esse
523 533 608 603 iam,
639 529 730 613 quod
751 528 984 603 laboraretur,
1007 533 1193 622 quoniam·

87 636 99 650 “
138 630 309 701 hereditas
332 630 488 716 usucapta
511 628 611 692 esset..
652 630 692 692 Id
715 634 920 697 mirabamur
942 643 976 693 te
997 634 1173 716 ignorare,

138 735 182 799 de·
197 734 302 799 tutela
314 733 480 821 legitima,
503 734 539 794 in
557 752 622 813 qua
636 723 760 797 dicitur
774 730 838 796 else
851 731 977 820 puella,
996 729 1083 797 nihil
1098 731 1172 798 usu·

138 840 212 922 capi
231 833 332 921 posse.

107 972 128 1032 7
223 937 433 1023 Epiroticam
452 937 661 1019 emptionem
676 935 806 1023 gaudeo
827 935 889 998 tibi
905 932 1048 1020 placere.

107 1055 128 1116 3
224 1036 320 1129 Quae
335 1040 398 1103 tibi
414 1037 580 1109 mandavi,
604 1049 638 1100 et
653 1057 736 1119 quae
752 1049 790 1100 tu
802 1034 971 1122 intelliges
986 1041 1173 1106 convenire

136 1136 254 1204 nostro
271 1135 483 1213 Tusculano,
505 1138 624 1212 velim,
645 1149 684 1202 ut
698 1135 830 1208 scribis,
852 1156 966 1209 cures,
991 1137 1082 1220 quod
1101 1136 1172 1202 fine

137 1238 288 1303 molestia
301 1251 359 1304 tua
370 1243 480 1306 iacere
496 1246 636 1329 poteris.
681 1237 768 1302 Nam
786 1257 847 1301 nos
865 1257 907 1299 ex
922 1240 1081 1302 omnibus
1098 1261 1171 1304 mo-

136 1337 257 1414 lestiiS‚
282 1352 317 1404 et
329 1339 501 1408 laboribus
516 1365 585 1408 uno
598 1339 658 1406 illo
673 1344 710 1404 in
729 1337 807 1401 loco
825 1336 1101 1422 conquiescimus.

106 1463 127 1526 9
225 1439 269 1533 Q.
311 1441 452 1506 fratrem
497 1443 649 1529 quotidie
690 1438 931 1525 exspectamus.
1003 1436 1174 1506 Terentia

137 1563 281 1630 magnos
300 1542 519 1608 articulorum
537 1544 673 1608 dolores
688 1539 809 1612 habet,
835 1551 869 1603 et
890 1553 941 1613 te,
965 1552 999 1604 et
1018 1539 1173 1606 sororem

137 1650 247 1716 tuam,
269 1656 304 1707 et
319 1657 462 1708 matrem
476 1650 627 1710 maxime
643 1642 770 1729 diligit,
798 1640 999 1725 salutemque
1021 1645 1081 1706 tibi
1098 1642 1174 1730 plu-

138 1749 260 1811 rimam
276 1743 453 1818 adscribit,
482 1758 517 1810 et
536 1743 703 1817 Tulliola,
729 1743 867 1808 deliciae
882 1743 1024 1808 nostrae.
1068 1743 1175 1820 Cura,

138 1857 177 1912 ut
196 1844 323 1919 valeas,
348 1856 382 1908 et
404 1867 468 1910 nos
494 1858 602 1922 ames,
632 1857 666 1910 et
684 1847 747 1909 tibi
770 1843 985 1934 persuadeas,
1013 1857 1048 1910 te
1072 1867 1096 1925 a
1114 1868 1176 1911 me

139 1946 289 2014 fraterne
318 1951 434 2012 amari·
484 2016 486 2022 ,

311 2141 589 2215 eersrom
626 2143 680 2233 11.
742 2143 857 2229 (Au.
887 2145 915 2213 1.
941 2135 999 2236 6.)

432 2306 496 2366 Ser.
516 2305 640 2367 Romae
657 2305 772 2367 eodem
789 2326 885 2369 enno

142 2447 259 2540 Epistol
259 2482 344 2521 orum
368 2460 558 2536 diligentiam
580 2461 732 2535 promittit
751 2471 781 2519 et
805 2461 908 2536 poscit.
941 2479 970 2522 1.
1014 2459 1060 2517 de
1085 2461 1179 2520 domo

183 2560 347 2623 Rabiriona
361 2585 379 2620 α
395 2556 517 2619 Fonteio
540 2574 648 2638 empta.
675 2583 703 2623 2.
758 2560 795 2643 Q.
802 2560 917 2632 fratris
934 2530 1065 2619 animum
1082 2564 1179 2620 uxori

183 2667 300 2751 reconoi
299 2668 405 2724 liotum
418 2665 482 2740 esse.
504 2677 535 2739 3.
580 2660 703 2722 Patrem
716 2660 860 2740 deceffifse
871 2672 985 2722 narrat
1010 2671 1042 2740 4.
1086 2684 1178 2721 orna·

183 2777 283 2826 menta
309 2761 468 2842 Tusculano
490 2776 522 2824 ut
544 2775 644 2839 curet,
670 2775 760 2843 rogat
781 2777 812 2838 5
864 2775 911 2838 ct,
936 2765 1066 2848 utquid
1089 2775 1181 2844 agat,

177 2869 213 2946 sc
228 2870 384 2928 certiorem
396 2866 509 2939 faciat.
537 2868 568 2929 6.

364 3046 572 3116 CICERO
614 3041 859 3119 ATTICO,
906 3045 944 3114 S.

227 3199 309 3266 Non
332 3205 543 3266 committam
567 3196 722 3286 posthac,
746 3210 784 3263 ut
806 3220 860 3262 me
877 3198 1029 3266 accusare
1051 3203 1092 3268 de
1108 3210 1179 3292 epi-

143 3297 301 3366 stolarum
318 3303 525 3392 negligentia
538 3298 649 3389 possis.
695 3297 755 3365 Tu
769 3300 874 3364 modo
888 3301 1024 3376 videto,
1045 3308 1081 3367 in
1103 3310 1179 3369 tan-

143 3414 181 3467 to
196 3407 268 3468 otio
291 3415 330 3468 ut
352 3425 414 3491 par
429 3401 513 3467 mihi
536 3401 587 3467 fio.

114 3531 134 3574 2
228 3488 382 3570 Domum
397 3503 612 3568 Rabirianam
625 3502 778 3592 Neapoli,
795 3526 895 3589 quam
912 3518 950 3570 tu
964 3510 1032 3570 iam
1047 3504 1179 3570 dimen-

187 3743 217 3803 7.
240 3719 426 3800 Epiroticam
440 3728 631 3802 emptionem]
731 3748 761 3808 9.
783 3727 870 3810 Q.rf
871 3731 1177 3807 utrem-exspecta·

143 3807 323 3890 IuEpiro
298 3831 376 3871 circa
388 3810 633 3872 iiuthrotumba-
689 3811 762 3896 mres]
807 3815 912 3898 Vulgo
929 3837 988 3898 quo
997 3814 1086 3886 fratr
1071 3839 1177 3895 r.emq

143 3892 484 3975 buitproedieAtticus,
496 3917 632 3976 quorum
690 3901 903 3973 exspectamus.
935 3902 1049 3962 Melius
1073 3918 1179 3963 nutem

143 3977 633 4060 inhitepistolispellimfitmen·
690 3984 875 4044 Lambinus:
908 3985 944 4067 Q.
964 3984 1114 4057 fratrem.

143 4067 206 4136 tio,
238 4081 270 4125 et
298 4065 385 4146 apud
413 4067 609 4145 Nepotem
600 4086 634 4129 m
733 4065 826 4146 Epri't.
806 4070 877 4130 tlL
908 4091 935 4128 2
949 4073 1069 4130 domum
1091 4068 1181 4130 Rabi-

143 4151 237 4230 Attici
260 4154 331 4218 vita.
377 4145 497 4228 casaub.
616 4182 619 4193 ·
692 4150 820 4238 rianam]
870 4173 954 4237 queo
976 4157 1096 4219 suits).
1117 4157 1183 4219 R·-
