2506 4808
317 309 599 379 EPISTOLA
649 308 832 378 CXLIV.

1027 317 1091 383 205

55 505 148 578 ient,
171 499 369 588 diligamur:
391 503 433 564 ab
448 504 561 582 aequis
579 512 681 570 vero,
704 509 760 562 aut
777 501 876 561 etiam
890 494 1090 584 apropenfia

57 614 94 673 in
108 605 195 669 hanc
211 616 344 690 partem
359 600 580 668 vehementer
595 612 628 662 et
643 598 810 672 eoiam'ur,
835 611 869 662 et
883 618 1046 665 amemur.

60 738 66 750 ·
150 706 216 770 'De
240 707 368 767 ambitu
391 710 494 786 quum
519 700 717 766 atroeiifime
737 704 895 786 'ageretur
916 706 952 764 in
973 699 1087 766 senatu
1100 730 1123 781 2,

58 805 185 870 multos
205 806 296 877 dies,
322 805 412 886 quod
429 810 476 868 ita
493 786 587 867 eran't
604 799 764 891 progreifi
780 801 950 865 candidati
974 789 1059 868 coni
1078 837 1091 852 -

58 909 168 982 laren,
191 919 315 971 utnon
330 903 411 969 esset
427 905 624 968 ferendum:
656 908 691 968 in
708 902 821 965 senatu
836 923 904 966 non
920 901 980 967 fui.
1016 903 1092 970 Sta-

58 1016 109 1073 tui
126 1011 168 1074 nd
183 1008 311 1074 nullam
325 1004 528 1098 medicinam
543 1004 759 1092 reipublicae
780 1000 846 1067 fine
860 1024 983 1092 magno
995 1027 1092 1094 prae·

59 1111 142 1177 sidio
167 1111 341 1175 accedere.
606 1104 609 1111 “
939 1158 942 1165 ,
1009 1116 1011 1120 ·

63 1238 68 1252 ·
171 1212 250 1302 Quo
269 1210 321 1274 die
334 1205 417 1270 baec
439 1202 569 1295 scripsi,
588 1204 719 1272 Drusus
737 1218 809 1272 erat
823 1203 865 1269 de
880 1204 1120 1293 praenomen-3

59 1319 153 1377 tione
169 1335 186 1376 a
200 1316 345 1376 tribunis
364 1314 498 1373 aerariis
515 1307 708 1383 absolut-us,
739 1312 775 1371 in
797 1306 922 1371 summa
949 1321 1094 1393 quatuor

30 1472 34 1477 .
61 1413 249 1485 sementim,
267 1433 372 1495 quum
386 1402 570 1482 senatores,
584 1421 618 1472 et
634 1413 764 1491 equites
780 1406 996 1475 damnassent.
1017 1417 1092 1505 Ego

60 1515 183 1580 eodem
206 1513 261 1577 die
284 1512 359 1599 post
380 1509 559 1575 meridiem
575 1509 749 1574 Vatinium
766 1529 857 1572 eram
879 1510 1092 1583 defensurus·
1153 1543 1155 1548 ’

61 1617 111 1682 Ea
132 1636 188 1679 res
212 1613 319 1679 facilis
342 1613 399 1677 eit.
440 1613 590 1678 Comitia
613 1619 649 1677 in
670 1608 818 1674 mensem
838 1612 937 1698 Sept.
968 1621 1094 1681 reiecta

61 1716 148 1781 funt.
185 1714 304 1781 Scauri
318 1712 606 1780 iudicium-statim
622 1714 852 1777 exercebitur:
875 1718 929 1778 cni
943 1735 1005 1779 nos
1022 1739 1094 1783 non

63 1821 249 1883 deerimus.
293 1820 504 1889 Σοοδοίτνοοο
528 1816 748 1896 Σοφοκλέους,
786 1835 988 1897 quamquam
1016 1839 1035 1881 a
1057 1831 1094 1884 te
1116 1860 1120 1875 =

444 2035 713 2052 *m

105 2219 141 2274 ab
172 2210 294 2295 aequis]
330 2231 466 2292 quorum
500 2232 552 2297 ae·
607 2215 730 2291 eosqui
746 2211 1029 2278 condemnaverant
1047 2195 1095 2280 iu·

64 2322 144 2383 quus
176 2304 207 2358 in
235 2315 399 2377 utramque
429 2312 549 2377 partem
606 2299 747 2378 perabat.

64 2391 183 2445 animus
212 2383 271 2456 el't,
314 2401 419 2462 neque
448 2379 549 2442 studio
654 2378 828 2464 Vatinium]
850 2403 944 2463 quem
966 2381 1020 2443 etfi
1041 2404 1095 2446 an.

63 2475 95 2531 in
104 2467 264 2531 Caesarem
278 2462 423 2537 effectur,
445 2470 551 2546 ineque
606 2481 656 2526 tea
688 2465 947 2527 veliemenriffime
967 2471 1065 2535 saccus
1080 2502 1095 2518 ·

64 2555 152 2617 odio.
202 2549 322 2610 Manat.
606 2569 708 2632 vera13
731 2573 814 2612 nunc
836 2553 1095 2624 Caesarisatieia-

64 2686 70 2701 .
104 2637 255 2716 prapanjis'
276 2640 306 2694 in
322 2634 396 2692 haiae
411 2631 550 2718 partem]
600 2647 711 2698 'caurus
737 2636 894 2715 defendit,
929 2640 1027 2720 idque
1049 2641 1097 2700 ia'·
1154 2671 1155 2675 ,

64 2722 201 2786 caeram
230 2720 320 2783 causa
345 2719 548 2800 cupientibus.

62 2812 138 2871 Tria
173 2809 345 2869 nominavit
389 2803 549 2865 hominum

64 2915 196 2978 genera3
221 2896 273 2972 qui
291 2886 451 2950 Caesarem
475 2890 552 2951 ode·

63 2996 148 3046 rana:
179 2981 232 3057 qui
247 2996 305 3035 nec
322 2976 472 3046 oderant,
493 2994 552 3035 nec

64 3064 226 3136 amaban13
244 3066 298 3142 qui
312 3059 466 3118 amabant.
480 3055 551 3118 Ma·

62 3162 140 3209 aut.-

106 3248 138 3308 3.
160 3227 437 3311 praevaricatione]
461 3229 553 3288 Prae·

63 3323 227 3380 varientur
240 3316 347 3395 eliquit
364 3335 459 3394 quum
481 3334 553 3373 cau·

61 3404 125 3466 sam
146 3401 314 3482 susceptam
337 3403 467 3477 pecunia
484 3418 553 3458 cor·

607 2738 690 2782 ctum
715 2723 848 2784 Lentulo
886 2725 1005 2786 excusat
1043 2746 1094 2806 ep.

604 2809 680 2886 148.

651 2891 792 2975 comitia]
820 2912 934 2971 nempe
955 2892 1095 2955 consula·

607 2978 671 3052 rim,
693 2981 807 3038 reiecta
825 2980 951 3056 quidem
967 2999 1032 3038 non
1050 2996 1096 3040 ta·

608 3081 681 3121 rnen
697 3062 815 3131 fatuam
836 3070 1031 3141 nequeenim
1053 3084 1094 3125 ao

608 3147 835 3223 producaajres
857 3146 914 3217 eii,
935 3165 968 3206 ut
987 3148 1096 3208 coniu-

606 3229 664 3301 les,
685 3251 751 3291 non
765 3229 875 3290 habitis
885 3236 1015 3292 comitiis
1031 3255 1097 3296 naa·

609 3313 733 3400 gistraru
750 3316 889 3376 abierint.
931 3314 1051 3380 Manat.

651 3399 855 3482 exercebitur]
877 3403 960 3480 apud
975 3405 1019 3462 M.
1037 3405 1096 3464 Ca·

63 3504 174 3567 ruptus
196 3487 280 3546 bona
303 3483 365 3544 fide
381 3503 451 3543 nou
470 3489 551 3564 agiu
608 3498 716 3544 ionem
739 3501 934 3566 praetorum
965 3491 989 3545 is
1013 3495 1095 3549 enim

63 3578 196 3635 maxime
208 3569 230 3631 sa
244 3576 276 3629 in
290 3567 482 3630 accusatione
492 3572 552 3627 lua·
606 3569 1096 3650 derepetundiaqunefivir;¹isco·

64 3674 155 3738 cepta
175 3678 192 3716 a
218 3678 275 3716 reo
299 3669 463 3732 corruptus
484 3653 552 3712 dili·
606 3657 692 3722 nium
713 3673 743 3713 et
757 3652 808 3714 hic
823 3663 861 3714 ad
879 3657 919 3735 Q
936 3657 983 3717 Fr.
1001 3658 1052 3718 111.
1065 3664 1095 3721 8.

64 3749 199 3830 gentiam
216 3761 282 3800 non
303 3736 448 3820 praestet.
541 3762 546 3791 a
609 3737 658 3816 (h.
676 3740 724 3799 ed.
749 3759 799 3818 ep.
822 3745 909 3821 159.)
951 3737 1073 3801 Manui.

107 3830 137 3884 in
154 3829 271 3902 suanma
291 3834 420 3904 quatuor
434 3823 550 3897 senten·
609 3852 613 3857 ·
651 3823 1095 3908 cuinosnonderimua]itanon

63 3909 136 3994 riis]
159 3915 296 3970 omnium
318 3909 461 3969 ordinum
488 3905 550 3967 iea-
606 3908 723 3981 defuit,
747 3912 920 3968 urse-nurus
934 3931 975 3970 eo
987 3913 1094 3973 deien-

62 4001 164 4056 tentiis
191 4000 377 4063 numeraria,
413 4007 551 4072 quatuor
594 3991 752 4054 'dentalia
771 3993 939 4054 absolutus.
973 3993 1094 4062 Manat.

60 4081 235 4152 sententiis,
263 4083 317 4161 qui
338 4075 550 4153 absolvebant,
607 4108 627 4131 υ
660 4076 837 4152 corianum
888 4077 949 4164 2.]
1008 4083 1095 4164 Quid
