2580 4792
59 362 66 385 =
170 330 238 413 356
398 323 679 397 EHSTOLA
750 318 1003 393 cmlx.-

172 513 243 607 IPIe
263 512 354 597 sum3
378 526 558 604 propterea
574 512 665 599 quod
687 508 815 577 nullam
828 534 905 578 rem
925 518 1075 603 gravius
1100 504 1220 584 iaindiu

172 616 256 690 tuli,
276 637 371 700 qaam
391 615 648 682 incommodum
671 626 784 678 tuum:
806 626 924 680 tamen
947 631 986 682 te
1011 607 1220 706 mognopere

173 740 247 785 non
260 715 381 782 hortor
394 715 517 792 solum,
539 714 729 786 sedetiam,
747 733 811 800 pro
827 736 948 782 amore
966 718 1118 795 nostro,
1138 744 1218 809 rogo

175 831 274 901 atque
298 838 381 893 oro,
408 833 443 884 te
466 819 624 907 colligas,
655 823 834 902 virumque
859 822 1053 909 praebeas,
1086 834 1141 896 et,
1162 844 1219 908 qua

176 921 372 987 conditione
396 940 515 986 omnes
539 919 713 992 homines,
752 930 803 993 et,
849 924 975 1004 quibus
1003 928 1217 1014 temporibus

174 1029 245 1090 nati
267 1020 386 1095 sunus,
409 1028 552 1108 cogites.
595 1019 674 1085 Plus
695 1022 756 1086 tibi
770 1027 880 1087 virtus
903 1035 962 1088 tua
975 1025 1101 1102 dedit,
1125 1049 1217 1112 quam

173 1125 313 1195 fortuna
337 1121 492 1188 abstulit:
534 1134 717 1212 propterea
743 1123 835 1205 quod
859 1125 1008 1212 adeptus
1034 1148 1098 1203 es,
1136 1130 1218 1213 quod

174 1248 244 1293 non
262 1225 360 1292 multi
377 1230 529 1289 homines
555 1230 653 1308 novi;
675 1222 825 1298 amifisti,
845 1246 931 1309 quae
951 1228 1105 1317 plun'mi
1120 1228 1217 1296 homi·

173 1346 236 1392 nes
262 1324 460 1391 nobilisfimi.
505 1326 552 1388 Ea
571 1325 718 1405 denique
742 1324 878 1392 videtur
906 1328 1069 1395 conditio
1096 1336 1216 1420 impen-

175 1424 257 1491 dere
270 1425 403 1514 Iegum‚
425 1425 648 1500 iudiciorum,
668 1438 880 1515 temporum,
903 1440 941 1492 ut
953 1437 1099 1517 optime
1112 1447 1215 1500 actum

175 1549 252 1599 oum
275 1548 317 1592 eo
339 1527 492 1593 videatur
514 1526 597 1601 esse,
639 1535 697 1613 qui
721 1549 821 1613 quam
848 1526 1013 1596 Ievisfima
1040 1555 1161 1622 poena
1181 1536 1214 1600 ab

91 1698 93 1702 ,
174 1627 239 1696 hac
260 1628 454 1718 republica
476 1628 674 1695 discesserit.
718 1629 775 1696 Tu
793 1648 893 1704 vero,
918 1637 977 1714 qui
1000 1646 1038 1697 et
1062 1636 1213 1701 fortunas

174 1744 209 1799 et
237 1730 362 1797 liberos
392 1729 534 1803 habeas,
577 1743 612 1795 et
631 1752 694 1796 nos
724 1743 925 1816 ceterosque
948 1732 1213 1810 neoosfitudine‚

175 1845 211 1900 et
235 1831 462 1898 benivolentia
486 1845 601 1896 tecum
624 1830 925 1915 coniunctisfimos;
949 1820 1137 1920 quousque
1158 1859 1214 1902 ma·

174 1948 280 2028 gnam
301 1932 495 1999 facultatem
520 1933 561 2000 fis
587 1932 781 2007 habiturus,
825 1937 1032 2013 nobiscum,
1077 1953 1116 2004 et
1144 1962 1212 2006 cum

554 2168 821 2189 w

133 2334 135 2339 ’
172 2320 269 2477 Im
284 2347 346 2395 ute
361 2327 517 2393 nonnullis
532 2328 658 2403 factum,
748 2328 793 2403 sis
811 2328 987 2415 habitur-us]
1021 2334 1113 2416 Apso
1142 2354 1211 2399 con·

200 2420 275 2475 abio.
318 2418 356 2477 Τ.
378 2414 490 2476 Fadius
514 2412 659 2496 quaestor
713 2412 839 2487 solatur,
865 2418 1093 2494 quietnmico
1107 2426 1210 2482 minuit

171 2488 275 2564 Inerat
320 2498 474 2562 Cicerone
516 2498 657 2571 consule,
716 2503 897 2576 opinionem
933 2502 1113 2578 proesentis
1146 2506 1210 2567 meli

172 2606 208 2647 ec
232 2585 370 2647 tribunus
388 2584 487 2663 plebis
504 2588 584 2644 inter
603 2605 658 2644 eos
716 2600 747 2644 et
771 2583 801 2641 id
817 2582 914 2664 ipsum
938 2600 1048 2649 tamen
1068 2611 1137 2652 non
1152 2593 1212 2652 diu·

169 2671 271 2731 fuerat
280 2712 289 2744 ,
313 2674 367 2752 qui
381 2669 442 2752 legi
458 2668 498 2728 de
507 2671 666 2737 Cicerone*
715 2669 1211 2758 turnumforepollioetunQuod

169 2754 271 2815 exsule
296 2754 476 2816 revocando
508 2755 658 2814 faverent.
715 2769 882 2835 utrumque
915 2755 1030 2815 Cicero
1069 2759 1211 2838 praestat.

169 2841 317 2899 Ceterum
365 2839 445 2898 hanc
495 2837 657 2918 epistolem
716 2839 821 2919 Quum
838 2843 921 2898 enIm
937 2840 978 2899 de
992 2842 1211 2906 IevisfimoFe·

168 2922 294 3006 Pighius
315 2923 354 2984 ad
371 2924 464 2983 civilis
486 2923 558 2982 belli
581 2940 657 2982 tem·

166 3027 247 3091 pora
275 3014 381 3068 reiecit
411 3008 520 3068 Annei.
553 3009 655 3069 LIII.

167 3112 200 3175 p.
221 3106 293 3168 535.
338 3096 451 3154 Verior
483 3092 525 3153 est
554 3095 657 3176 Rago-

167 3184 251 3239 zonii
272 3172 439 3248 sementia,
483 3199 565 3259 quae
587 3201 655 3239 eam

165 3260 221 3324 sub
242 3267 334 3325 tertio
352 3265 496 3343 Pompeii
519 3264 656 3325 consula·

165 3359 201 3407 tu
216 3345 356 3428 scriptam
372 3344 432 3406 effe
448 3349 572 3408 iudicet.

207 3434 423 3493 incommodum
439 3430 536 3516 tuum]
561 3436 653 3503 Non,

164 3534 201 3577 ut
223 3517 439 3577 Schmiederus
469 3535 576 3597 putat,
614 3518 654 3575 de

164 3601 284 3682 repulsa
303 3608 335 3662 in
349 3617 516 3682 praeturae
529 3607 655 3684 petitio·

163 3703 205 3747 ne
226 3692 343 3769 agitur3
385 3688 437 3747 fed
456 3704 492 3747 nt
515 3709 533 3747 e
555 3686 654 3745 verbis

163 3773 241 3833 Infra
259 3769 384 3850 posuis,
409 3795 494 3847 qumn
510 3793 596 3828 unum
611 3774 655 3845 sit

163 3857 304 3914 iudicium
318 3872 374 3917 etc.
390 3855 584 3916 menifestum
600 3853 652 3923 est,

162 3945 265 4021 flgitur
287 3941 326 3999 de
349 3937 450 4000 exsilio
462 3985 470 4012 ,
497 3940 582 4018 quod
599 3942 653 3998 Fa-

162 4023 242 4096 dius,
254 4027 283 4083 in
300 4027 415 4083 iudicio
431 4026 558 4104 publico
578 4045 653 4086 con·

162 4107 343 4182 demontus,
361 4109 504 4172 subierat.

56 4432 161 4496 Q

714 2925 756 2982 dii
770 2926 977 2984 incommodo
993 2933 1059 2987 iem
1078 2929 1211 3005 diinIet,

713 3009 754 3069 de
784 3006 837 3086 spe
865 3010 1001 3082 reditus,
1050 3029 1214 3097 tamquam

713 3097 840 3153 minime
879 3093 996 3173 dubie,
1041 3098 1214 3171 subiunxit;

713 3174 855 3250 sortasse,
883 3181 970 3257 quod
994 3201 1072 3242 cum
1097 3187 1214 3247 iudice·

694 3283 778 3325 ¹non
812 3260 903 3322 exfilii
942 3274 1117 3345 perpetui,
1165 3269 1215 3331 sed

713 3346 834 3427 'aliquot
852 3369 1007 3407 annorum
1031 3374 1146 3432 poena
1164 3356 1216 3417 da·

711 3429 869 3493 mnasscnt.
913 3434 1048 3514 Alinqui
1081 3461 1140 3499 cur
1174 3441 1216 3500 illi
1255 3430 1260 3451 ⁸

710 3521 909 3597 promitteret
935 3519 1053 3581 Cicero
1083 3526 1214 3586 seculis·

711 3603 915 3662 convivendi
939 3625 1009 3662 cum
1036 3604 1122 3669 suis?
1145 3609 1214 3669 Ma·

712 3696 774 3744 nui.
798 3687 985 3749 Credibilius
1000 3705 1114 3754 temen
1132 3699 1215 3758 vide·

712 3786 762 3831 tur
785 3772 882 3830 Fadio
914 3772 999 3832 haud
1031 3783 1154 3855 procul
1177 3783 1213 3841 ab

710 3857 799 3927 urbe,
824 3862 854 3915 In
870 3855 957 3915 Italia
981 3860 1149 3925 exsulandi
1170 3873 1214 3927 ius

710 3938 807 4001 fuisse.
862 3943 1028 4004 Eius-modi
1065 3950 1216 4012 exsolium

709 4042 795 4085 recto
812 4025 922 4084 Cicero
946 4045 1085 4107 poteret
1107 4039 1215 4114 leviffi·

709 4131 791 4171 mam
812 4130 940 4186 poenam
956 4118 1153 4198 flppellm,
1171 4121 1217 4185 jd.
