2506 4808
42 248 45 269 ¹
151 328 216 376 m
394 302 680 377 nersrona
744 310 933 381 cxuvr.

119 526 140 592 5
159 532 162 537 -
252 488 364 559 Venio
380 495 421 559 ad
444 502 590 561 tertiam.
632 496 776 564 Balbum
792 499 883 584 quod
905 506 955 566 ais
972 514 1110 567 mature
1124 503 1194 569 Ro·

149 616 240 663 mam
263 599 351 662 bene
371 604 570 664 comitatum
589 598 655 664 eise
672 613 874 677 venturum,
892 622 1101 693 mecumque
1125 605 1195 670 affi-

145 700 217 768 ‹lue
232 699 401 784 usquead
422 700 469 765 id.
484 701 594 767 Maias
616 702 786 795 futurum,
806 702 842 768 id
863 702 947 768 milri
969 718 1196 793 pergratum,

146 814 281 891 perque
303 804 490 868 ineundum
514 809 589 869 erit.
634 801 737 893 Quod
758 825 814 869 me
834 810 870 871 in
886 806 1008 870 eadem
1032 806 1193 895 epistola,

149 901 235 969 ficut
254 903 348 992 saepe
363 916 476 976 antea,
496 903 686 970 cohortaris
700 903 743 967 ad
759 908 998 982 ambitionem,
1023 922 1059 975 et
1082 910 1128 974 ad
1147 911 1191 975 la·
1217 964 1220 969 .

152 1007 294 1079 horem,
316 1006 437 1072 sociam
462 1004 631 1087 equidem.
675 1003 748 1071 Sed
773 1007 910 1091 quando
925 1009 1112 1076 vivemus?

120 1106 142 1170 6
252 1104 380 1196 Quarta
394 1104 530 1193 epistola
546 1105 628 1171 milri
643 1107 778 1172 reddita
794 1106 841 1173 est
854 1109 905 1174 Id.
920 1108 1023 1199 Sept.
1045 1133 1146 1196 quarn
1161 1134 1189 1177 a.

150 1208 185 1272 d.
200 1226 267 1273 1111
282 1207 328 1272 id.
344 1206 441 1273 Sext.
461 1228 503 1270 ex
523 1206 696 1273 Britannia
708 1209 862 1275 dederas.
904 1213 945 1276 ln
958 1232 998 1276 ea
1013 1209 1101 1278 nihil
1113 1212 1186 1278 sane

151 1324 224 1377 erat
244 1314 342 1384 noui,
361 1320 498 1396 praeter
512 1308 711 1394 Erigonam:
734 1330 835 1393 quam
856 1309 879 1375 si
901 1314 942 1377 ab
958 1312 1079 1403 Oppio
1098 1336 1185 1380 aere

148 1434 252 1502 pero,
264 1408 413 1474 scribam
434 1408 475 1472 ad
494 1419 528 1472 te
547 1409 629 1492 quid
652 1408 804 1477 seutiam.
847 1411 920 1479 Neo
939 1412 1187 1502 dubito‚fquin

148 1509 233 1579 mihi
254 1510 419 1598 placitura
437 1507 484 1572 fit.
528 1510 588 1582 Et,
612 1512 704 1595 quod
727 1520 905 1600 praeterii,
941 1517 983 1582 de
1001 1541 1064 1593 eo,
1089 1543 1185 1604 quem

149 1610 301 1700 scripsisti
323 1613 365 1675 de
379 1608 519 1682 Milonis
536 1610 652 1697 plausu
668 1611 826 1702 scripsisse
849 1616 890 1680 ad
906 1617 1107 1686 Caesaremt
1128 1643 1184 1710 ego

151 1735 233 1783 vero
247 1713 345 1780 facile
362 1719 469 1800 patior
483 1718 530 1779 ita
546 1712 722 1780 Caesarem
738 1716 943 1792 existimare,
963 1719 1065 1786 illum
1090 1745 1185 1807 quam

149 1821 336 1885 maximum
357 1813 631 1902 fuisseplausnn13
656 1830 690 1881 et
705 1816 843 1905 prorsus
859 1825 907 1884 ita
921 1821 1004 1886 suit:
1026 1806 1185 1910 ettamen

149 1908 207 1993 ille
221 1913 372 2011 plausuS,
391 1924 448 2003 qui
462 1916 645 2007 illidatur,
666 1920 915 2017 quodammodo
931 1923 1036 1989 nobis
1055 1925 1188 1991 videtur

121 2021 382 2198 Jdanlleddita
400 2111 446 2178 est
462 2117 563 2177 etiam
578 2086 660 2180 mihi
677 2126 839 2202 pervetus
857 2111 1018 2200 epistola,
1037 2111 1098 2180 sed
1118 2115 1186 2184 sero

152 2214 269 2290 afleta,
284 2221 321 2281 in
343 2236 408 2299 qua
428 2215 470 2279 de
492 2214 575 2277 aede
598 2211 772 2287 Telluris,
797 2226 832 2278 et
851 2214 895 2278 de
914 2222 1054 2302 porticu
1076 2219 1184 2285 Catuli

148 2394 234 2456 niam
254 2406 287 2450 tu
298 2431 307 2460 ,
327 2391 381 2468 qui
395 2386 459 2466 ipse
474 2402 569 2466 poeta
589 2407 620 2448 ea
626 2430 637 2460 ,
736 2386 861 2468 plausa]
884 2406 900 2446 a
927 2386 1056 2468 populo
1074 2385 1185 2452 aanor

93 2490 97 2501 '
150 2467 636 2543 earmeudesrderasabalio.l3rn.
695 2473 781 2534 dato.
833 2469 953 2534 silenat.

150 2590 154 2597 ·
192 2570 221 2628 6.
245 2562 317 2621 bene
340 2557 536 2640 cerastarum]
567 2578 638 2621 cum
737 2555 840 2639 nobis]
862 2577 960 2637 quum
976 2555 1023 2616 illi
1035 2557 1114 2619 ideo
1134 2559 1183 2619 da·

147 2647 253 2713 multis
268 2647 416 2726 pectiniia.
459 2643 536 2703 loco
555 2647 637 2702 enim
694 2658 745 2703 tur
771 2640 910 2722 plausus,
933 2645 1009 2722 quia
1031 2641 1184 2704 consulem

147 2735 216 2799 'nllit
238 2744 304 2790 orat
326 2730 470 2809 Quintus.
516 2723 635 2790 Manat.
695 2727 858 2787 Lentulum
902 2726 1007 2809 legem
1055 2734 1183 2790 comitiia

190 2812 405 2895 ambitionem]
444 2827 478 2871 ut
517 2814 636 2872 nnllam
693 2816 870 2873 centuriatis
898 2812 939 2872 de
976 2831 1055 2872 meo
1086 2815 1184 2874 reditu

147 2900 280 2965 studium
302 2902 567 2980 praetermittam,
592 2897 638 2959 di·
692 2898 864 2967 serentem,
895 2900 985 2956 enixe
1011 2897 1181 2960 admodum

93 3042 99 3055 ,
147 2977 636 3074 ‘guitatirangendaeeausaMan.
692 2986 777 3042 iuvit.
802 2977 921 3044 Manat.
950 2982 1035 3042 Mira
1051 2989 1182 3045 vanitate

189 3073 218 3135 6.
231 3066 412 3211 Erigonam']
432 3068 636 3148 tragoediam,
692 3065 742 3126 vel
771 3065 860 3127 huiua
901 3064 1025 3147 plausus
1063 3084 1181 3149 partem

145 3178 244 3241 quam
265 3154 294 3215 se
309 3153 385 3233 scrip
398 3149 452 3210 ille
469 3169 501 3211 et
515 3153 555 3214 ad
570 3154 638 3232 Op·
691 3149 748 3211 libi
773 3167 898 3234 arrogat
921 3153 1053 3222 Cicero,
1104 3149 1182 3236 quasi

147 3249 235 3325 pium
271 3237 378 3300 misrss'e
407 3236 636 3319 significaverat.
693 3237 806 3296 Miloni
829 3237 967 3316 populus
987 3256 1057 3296 uon
1073 3256 1182 3317 potua·

147 3322 293 3391 Amissum
322 3328 354 3383 in
387 3326 497 3382 itinere
529 3322 638 3382 ultima
692 3326 733 3383 rit
756 3322 910 3400 plaudere
937 3320 981 3380 ob
1003 3323 1181 3406 magnifica,

147 3409 202 3473 lib.
217 3409 269 3474 111.
299 3409 339 3469 ad
364 3408 403 3487 Q·
421 3407 467 3471 Fr.
507 3403 637 3488 epistola
694 3426 777 3487 quaa
796 3426 899 3486 nuper
923 3405 1092 3484 ediderat,
1123 3407 1182 3488 spo

144 3494 232 3575 (hui.
257 3495 307 3554 ad.
331 3492 637 3572 ep.160.)demou·
693 3489 825 3552 ctacula.

146 3578 229 3643 llrat.
267 3580 405 3661 Erigone
426 3576 517 3638 soror
540 3578 638 3637 Pene-
736 3596 765 3653 7.
788 3579 825 3635 de
853 3580 927 3634 aede
957 3568 1115 3661 Telluris]
1146 3577 1184 3637 do

146 3665 239 3747 lopea
284 3661 417 3724 occisum
463 3682 482 3723 a
519 3659 635 3723 rusticiu
694 3660 853 3739 operibus.
870 3676 960 3740 puto,
983 3660 1146 3742 loquitur,
1157 3678 1186 3723 et

147 3751 241 3815 ebriia
276 3764 397 3829 patrem
434 3751 475 3807 ita
515 3746 636 3817 doluit,
687 3746 941 3824 inscriptionibus
957 3745 1035 3815 illia,
1060 3747 1105 3807 de
1122 3752 1186 3830 qui·

146 3833 264 3918 utipsa
282 3831 531 3911 sesaaapenderit.
576 3834 638 3889 Mi·
691 3829 750 3890 bus
772 3851 824 3912 ep.
840 3855 869 3911 q.
890 3830 1000 3891 lib.ll.
1025 3829 1118 3909 (hui.
1138 3833 1186 3897 ed.

146 3918 441 3986 serationedeorum
455 3920 487 3975 in
503 3914 637 3976 coeleste
694 3933 745 3996 ap.
767 3907 856 3994 rai.)
892 3913 1011 3979 Manat.

146 4004 267 4090 liguum
304 3999 481 4064 conversam
518 4015 638 4084 poe'tao
736 4003 774 4058 da
800 4002 920 4075 porticu
946 3997 1074 4086 Catali]
1114 4006 1190 4067 Non

146 4088 337 4155 sabulautur.
381 4080 502 4148 Manat.
694 4083 824 4160 dubito,
864 4090 942 4170 quio
963 4106 1050 4170 quoe
1070 4089 1117 4151 ad
1138 4110 1190 4153 aa·
