2506 4808
179 355 246 418 „0
446 326 725 417 meroen
762 331 960 403 cmx.

180 541 254 590 non
268 515 397 584 desum.
439 514 584 583 Gratum
598 522 689 583 enim
701 521 764 585 tibi
780 519 818 584 id
834 521 901 587 elle
914 494 1112 616 intelligoe
1129 547 1181 607 et,
1194 544 1226 600 ut

181 621 240 690 ille
252 617 435 706 intelligat,
458 638 554 683 curo.
597 615 670 683 Sed
683 616 764 692 scis,
788 620 1005 707 quitquam
1022 625 1225 699 habeatdno

184 720 325 792 faciles,
358 716 443 784 nihil
467 713 651 783 difficilius·
692 717 794 784 Nunc
817 724 861 786 ad
882 745 943 799 ea,
978 750 1077 811 quae
1100 741 1224 817 qnaeris

182 824 228 890 de
244 822 286 889 C.
301 820 444 889 Catone.
488 818 581 906 Lege
594 819 710 893 lunia,
729 834 766 884 et
778 820 908 889 Licinia
929 825 1000 894 scis
1019 832 1224 901 absolutum:

182 920 277 992 Fufia
299 942 362 1011 ego
384 922 447 987 u'bi
470 924 591 987 nuntio
611 919 798 989 absolutum
826 930 885 1007 iri3
928 950 1057 1014 neque
1078 945 1225 1023 patronis

182 1023 251 1093 luis
266 1036 337 1090 tun
349 1018 558 1094 libentibus,
579 1042 680 1105 quarn
693 1023 957 1092 acculamnbus.
1003 1032 1046 1098 Is
1066 1047 1224 1103 tamenn

183 1147 341 1199 mecum,
377 1134 413 1189 et
435 1146 514 1189 cum
535 1123 667 1191 Milone
686 1130 723 1189 in
743 1131 885 1212 gratiam
903 1130 1028 1196 rediit.
1099 1136 1221 1204 Drusus

184 1246 266 1295 reus
282 1223 328 1290 est
344 1222 451 1290 sactus
468 1245 486 1289 a
502 1224 684 1292 Lucretio:
702 1227 871 1292 iudicibus
886 1235 1099 1302 reiiciendis
1116 1260 1148 1303 a.
1159 1242 1220 1306 d.r.

184 1349 267 1395 non·
282 1324 400 1416 Quint.
442 1323 498 1388 De
509 1322 657 1393 Procilio
671 1348 828 1393 rumores
850 1351 920 1394 non
935 1333 1048 1399 boni:
1068 1337 1130 1403 led
1152 1342 1221 1423 iudi

185 1433 238 1495 eia
252 1425 351 1493 nosti.
390 1423 516 1491 Hirrus
534 1447 613 1490 cum
626 1425 780 1493 Domitio
791 1432 828 1493 iu
840 1435 950 1516 gratia
964 1430 1031 1498 est.
1077 1438 1219 1509 Senatus

185 1524 376 1595 consultum
400 1527 490 1611 quod
510 1524 567 1592 hic
589 1526 743 1594 consules
764 1527 808 1592 de
822 1536 1021 1618 provinciis
1050 1540 1221 1619 fecerunt,

185 1644 395 1709 qurcuuque
440 1644 602 1695 rosruec
643 1630 704 1691 ιι
727 1631 789 1716 ι]

154 1743 178 1818 4
292 1753 312 1794 ιι
334 1751 354 1792 ιι
373 1750 444 1793 nou
463 1726 565 1802 mihi,
586 1741 625 1793 ut
645 1735 703 1814 qui
726 1735 794 1793 iam
811 1730 1107 1820 intelligebamus
1132 1767 1222 1812 enne

183 1833 362 1895 tiationem
401 1827 494 1894 illam
527 1830 683 1896 Memmii
716 1830 813 1895 valde
845 1831 983 1899 Caesari
1028 1840 1221 1931 displicere

183 1929 321 1999 Messala
339 1928 472 2004 noster,
494 1943 528 1996 et
553 1937 624 1997 eius
642 1931 816 1997 Domitius
835 1943 1057 2024 competitor
1079 1945 1221 2012 liberalis

183 2037 221 2101 in
247 2031 409 2122 populum
436 2030 533 2097 valde
562 2032 636 2099 fuit.
679 2030 774 2099 Nihil
796 2036 939 2121 gratius.
985 2039 1099 2112 Certi
1137 2062 1221 2116 erant

184 2132 338 2201 consules
351 2130 490 2200 scilicet.
526 2132 578 2200 At
592 2134 722 2201 senatus
736 2132 906 2211 decrevit,
922 2149 966 2202 ut
978 2150 1142 2218 tacitum
1152 2153 1221 2219 indi·

178 2409 242 2475 line
264 2407 400 2472 curanda
428 2424 551 2491 gratum
573 2411 668 2470 etiam
764 2429 943 2484 chuuqur
973 2421 1151 2509 nonme]
1181 2420 1221 2486 hit

178 2494 669 2575 ledrmTullinemeee‚propter
720 2489 853 2555 lecunee
883 2493 1009 2578 fignnm
1044 2506 1222 2584 posuim‘,

181 2585 356 2651 emicitlrm,
366 2598 449 2659 quae
462 2583 543 2640 inter
554 2595 669 2642 utrem·
721 2578 929 2661 naturalique
943 2603 1036 2664 queo
1055 2587 1221 2674 sequnntur

181 2684 246 2751 que
266 2664 441 2726 intercedit.
721 2663 765 2723 ed
791 2659 854 2725 hoc
882 2665 1112 2748 fragmentum
1128 2676 1219 2751 'nulle

180 2742 184 2751 ⁸
213 2751 270 2827 sed
290 2749 349 2825 scir
375 2746 469 2831 qui?]
504 2745 533 2812 lt.
556 2767 584 2808 e.
612 2745 667 2810 led
719 2749 820 2810 modo
836 2750 943 2810 referri
956 2752 1111 2831 poss'unt.

178 2853 253 2900 num
267 2833 320 2896 scir
336 2836 501 2915 quomodo
514 2831 589 2892 mihi
605 2830 669 2894 hoc
765 2843 797 2912 4.
825 2837 857 2892 in
881 2839 1057 2925 populum]
1093 2849 1149 2908 sic
1176 2866 1218 2907 eu.

178 2919 351 3002 procedet,
378 2917 399 2980 l.
423 2919 498 2999 quid
518 2914 573 2977 iste
593 2937 669 2980 cure
722 2932 812 2979 crore
829 2917 970 2981 Ernestio
992 2928 1148 3012 reiefipfi
1166 2951 1217 3014 pro

177 3024 248 3067 nee
273 3003 357 3084 epud
379 3022 449 3062 eum
464 3000 646 3082 proficiam?
721 3001 803 3085 vulg.
823 3006 853 3060 in
868 3007 991 3079 populo.

222 3109 314 3172 quum
333 3091 436 3146 haheat
455 3090 513 3147 due
532 3086 666 3171 faciles]
755 3087 892 3172 scilicet]
917 3091 993 3151 Hoc
1007 3095 1117 3181 vulgo
1133 3097 1217 3161 abeli.

177 3177 211 3238 Si
233 3173 303 3235 sene
318 3171 361 3234 est
382 3172 475 3235 leutio
490 3172 566 3235 nihil
580 3173 666 3234 eliud
719 3170 784 3233 Sed
801 3171 845 3235 est
864 3178 897 3233 in
911 3175 963 3234 ed.
976 3175 1084 3242 Rom.
1110 3200 1144 3246 et
1160 3184 1217 3246 ut

176 3257 345 3344 significare
358 3256 460 3339 potest
480 3279 575 3342 quum
586 3257 665 3319 ho'e:
719 3273 794 3337 epte
809 3257 959 3322 adiicitur.
983 3262 1118 3330 Probet
1134 3275 1218 3332 etiem

177 3364 277 3428 quum
296 3342 410 3404 hebent
427 3363 487 3405 nor
508 3344 592 3415 duo,
612 3360 666 3404 me
719 3339 884 3404 Ernestiur.

178 3446 211 3491 et
233 3444 283 3503 te,
315 3428 419 3490 luciler
441 3433 474 3490 in
496 3449 537 3490 eo
560 3429 666 3488 deme·
762 3429 885 3487 tacitum
914 3431 1094 3519 iudicium]
1138 3436 1219 3520 qnod

176 3513 296 3588 rende,
338 3512 414 3574 nihil
447 3529 552 3576 temen
586 3509 665 3593 diffi·
719 3509 836 3572 tactum
856 3533 923 3574 non
940 3517 1113 3583 ederetur.
1155 3525 1219 3584 Huc

177 3599 264 3662 elliu·
295 3619 390 3680 quem
419 3612 454 3659 ut
475 3603 505 3659 ei
531 3596 665 3660 satisfiet.
720 3613 826 3657 eutem
847 3598 986 3661 decrevit
1005 3602 1162 3681 senetur,
1188 3622 1220 3668 nt

175 3683 264 3756 Meu
287 3684 418 3764 Popmu.
653 3728 657 3735 .
720 3686 777 3763 qui
800 3681 887 3742 nullo
912 3686 1047 3761 pudore
1072 3692 1219 3771 prohibe·

221 3761 576 3846 fulin-absolutumirz]
587 3764 667 3827 E'ntn
718 3782 829 3828 rentur
841 3767 881 3828 ab
890 3765 991 3832 effuso
1009 3776 1152 3854 ambitu,
1167 3779 1220 3840 ler-

98 3844 103 3851 ’
175 3851 279 3918 scribit
306 3849 479 3912 absolutum
514 3846 576 3909 elle
613 3869 666 3930 ep.
720 3855 870 3934 gitionem
893 3858 1105 3942 omitterent3
1128 3884 1220 3948 qnnn

178 3951 249 4016 ¹4²·
287 3956 324 3998 ex
351 3955 416 4016 que
440 3937 554 3995 iterum
577 3949 667 4013 petet
717 3935 928 4020 intelligerent
965 3940 1146 4022 lutnrnmt,
1191 3964 1221 4011 nt

176 4017 240 4083 hor
274 4023 483 4108 fragmentum
521 4018 668 4100 scriptum
719 4024 805 4082 irrite
820 4018 894 4082 ellet
908 4021 1115 4108 dellgnetio,
1137 4033 1222 4095 fide·

176 4102 240 4171 «110
252 4122 325 4171 ente
343 4101 624 4194 illemgeuistolrm.
719 4109 925 4195 mentito
942 4112 1223 4186 indicio-initient.
