2506 4808
109 277 176 355 15⁶
390 268 675 341 EPISTOLA
715 273 874 346 xxm

51 524 55 530 .
108 460 201 549 quati
215 482 259 527 ex
275 460 417 528 cohorte
432 466 603 551 praetoris
620 465 781 553 appellari
793 465 919 542 solent,
940 464 1002 534 hor

107 565 218 631 enodo
240 564 346 638 sacta,
375 565 431 629 sed
454 573 557 633 etiam
579 567 673 634 dicta
696 574 808 632 omnia
830 568 1002 656 praestanti

110 670 201 737 lunt.
243 665 315 734 Sed
337 666 442 733 habes
466 689 526 734 eos
542 682 673 747 tecum,
692 694 779 756 quos
798 669 901 759 possis
914 685 1002 738 recte

111 785 168 838 tes
197 771 296 836 facilc
327 770 486 858 diligere,
525 779 636 839 minus
669 775 884 841 consulentes
914 773 1002 838 exis·

108 882 208 948 tneo,
228 873 386 939 facillime
403 882 579 956 coercere3
599 897 620 938 a
640 879 786 959 quibus,
808 876 905 942 rudis
927 896 1002 960 quur

107 976 250 1044 videtur
263 974 408 1063 potuisse
425 987 484 1041 tua
496 976 678 1045 liberalitas
695 978 819 1066 decipi,
835 982 934 1062 (narn
951 989 993 1042 ut

110 1179 297 1272 spicatum)
323 1202 415 1245 nunc
430 1200 512 1245 vero
527 1188 649 1248 tertius
666 1181 723 1247 hic
742 1203 849 1248 annus
865 1178 992 1244 habeat

111 1297 220 1350 tatem
243 1283 403 1357 eandem,
423 1303 524 1365 quam
547 1283 756 1372 superiores,
779 1290 966 1350 cautiorem
987 1305 1002 1348 e

111 1386 377 1473 diligentiorem.
420 1374 500 1450 Sint
525 1402 624 1450 aures
646 1399 743 1463 tuae,
780 1408 864 1471 quae
886 1385 940 1459 id,
977 1407 1002 1470 q‘

111 1489 224 1560 diunt,
246 1486 481 1551 existimentur
496 1486 622 1560 audire,
645 1495 765 1554 nonin
782 1510 864 1572 quas
883 1485 961 1553 ficte
972 1503 1002 1552 et

109 1603 150 1654 te
171 1588 326 1672 quaestus
345 1587 441 1653 causa
462 1587 695 1655 insusurretur.
738 1589 794 1655 Sit
809 1591 954 1655 annulus
977 1602 1002 1654 tr

109 1702 152 1757 ut
172 1713 233 1756 vas
258 1689 411 1773 aliquod,
446 1688 503 1754 sed
523 1704 695 1775 tamquam
717 1691 784 1779 ipse
807 1704 862 1755 tu:
899 1714 973 1755 non
998 1716 1002 1755 1

114 1794 240 1860 alienae
262 1793 466 1866 voluntatis,
500 1792 557 1859 sed
586 1794 679 1859 testis
704 1807 793 1859 tuae.
834 1791 1002 1857 Accensu:

112 1894 278 1967 nurnero,
305 1915 372 1977 quo
398 1914 474 1959 eum
498 1901 645 1961 maiores
662 1894 766 1961 nostri
782 1894 846 1962 esse
863 1895 1002 1960 voluero

111 1994 180 2063 hoc
193 2017 263 2061 non
284 1992 493 2060 inbeneficti
514 1995 610 2072 loco,
634 1995 740 2061 sedin
755 1996 898 2069 laboris,
919 2018 958 2060 ac
974 2020 1002 2059 rr

112 2123 184 2165 non
206 2113 336 2162 temere
358 2096 417 2186 nisi
438 2097 571 2163 libertis
596 2098 661 2165 suis
684 2099 899 2164 deferebant:
941 2103 1000 2180 qui

113 2200 250 2287 quidem
276 2222 347 2265 non
375 2201 483 2267 multo
522 2199 635 2275 secus,
679 2222 716 2265 ac
754 2199 875 2285 serviS,
919 2203 1002 2290 imp<

475 2394 480 2403 ¹
493 2405 764 2424 m

112 2548 115 2553 '
154 2530 238 2591 eredis
270 2547 362 2610 quum
408 2525 501 2610 effes]
543 2532 598 2590 int.
656 2568 658 2573 ·
697 2527 902 2601 existimentur
924 2528 1002 2584 audit

109 2617 311 2699 provinciae,
351 2613 441 2698 quod
473 2609 599 2672 sortasse
654 2612 705 2674 sec
736 2627 768 2670 ut
792 2611 934 2672 homines
956 2618 1002 2671 exi

111 2701 246 2777 excidit3
295 2694 338 2757 est
371 2701 438 2757 eine
475 2694 597 2761 omissio
656 2712 687 2756 te
710 2695 803 2768 nihil,
827 2694 881 2756 nisi
896 2698 987 2778 quod

108 2786 220 2870 paullo
243 2785 360 2843 durior.
397 2777 533 2858 'Ernesti
654 2781 740 2843 ribus
764 2786 839 2843 tuir=
855 2783 1002 2860 acceperit

151 2874 314 2929 cautiorem
345 2868 501 2930 etiamac
529 2869 597 2926 disi·
653 2868 824 2946 ploreverir
847 2866 994 2938 credere,

109 2952 301 3040 gratiorem]
319 2955 456 3013 Faernus
472 2969 504 3011 et
519 2950 598 3011 Ursi·
653 2966 725 3011 cunt
748 2953 822 3011 dare
850 2952 1002 3011 calumnie

109 3061 168 3101 nus
222 3041 380 3101 malebant
433 3040 598 3095 cautiorem
654 3042 709 3119 qni
733 3035 782 3095 'sui
810 3035 953 3116 queeslue
979 3059 1002 3096 o

110 3130 202 3184 etiam
217 3125 440 3203 diligentiorem
459 3122 597 3201 proban·
654 3120 854 3193 insusurrent,
895 3142 978 3203 quee

109 3209 382 3287 teetMelnspine.
425 3206 507 3268 inira
531 3209 597 3273 αθ.
654 3205 793 3265 simulata
820 3204 885 3266 sint.
928 3208 1002 3265 Fort

108 3294 154 3356 eit
174 3293 274 3354 rursus
296 3304 398 3351 cautus
410 3314 446 3349 ae
459 3295 596 3369 diligens.
653 3311 727 3350 men
745 3293 855 3350 Cicero
873 3289 1002 3370 scripser⁴

108 3416 151 3429 -
175 3376 302 3454 Ernesti,
347 3377 482 3458 Vulgata
509 3381 599 3437 nimi·
655 3378 702 3450 id,
746 3379 823 3452 quod
850 3378 993 3451 crudiunt,

59 3519 62 3523 .
108 3487 179 3528 rum
201 3465 291 3525 nobis
314 3481 380 3522 non
401 3463 529 3523 serenda
550 3462 598 3522 so·
655 3473 771 3519 mentor
785 3457 907 3531 audire,
933 3483 991 3517 nor

108 3551 191 3622 lum,
229 3549 397 3610 sedetiam
424 3548 598 3630 elegantior
646 3545 722 3617 ficte
758 3559 789 3604 et
829 3549 972 3621 simulate

107 3639 238 3698 videtur.
283 3633 444 3716 Integriter
463 3649 532 3704 trra,
552 3638 597 3692 in·
654 3633 740 3707 causa
766 3633 969 3707 insidiaretur.

110 3727 195 3804 quit,
235 3717 271 3780 fit
298 3717 407 3778 eudem
432 3738 516 3801 quoe
540 3719 597 3778 suit
652 3759 656 3768 .
697 3726 814 3786 noritur
847 3737 897 3775 vas
925 3719 1002 3792 aliqu

107 3805 318 3888 superioribus
335 3807 430 3873 annin,
446 3824 529 3865 nunc
547 3824 596 3861 ve·
652 3799 888 3860 instrumentum
895 3845 904 3874 ,
922 3817 1002 3861 uren

107 3897 255 3954 ro'etiam
275 3893 395 3949 cautior
414 3909 451 3948 uc
466 3884 596 3971 diligen-
655 3889 769 3946 Graeci
795 3890 895 3969 entier
917 3886 1002 3946 dicut

107 3983 182 4050 tior,
194 3996 289 4056 <purim
307 3991 396 4053 antee
408 3971 441 4032 srt
455 3992 598 4041 nonnun·
654 3967 804 4032 bortellus
823 3971 1002 4053 corrigebat

109 4062 261 4147 queruab
284 4059 436 4141 improbis
456 4061 597 4140 decepte.
654 4063 740 4140 quis,
775 4058 864 4140 quod
885 4056 1002 4118 Verbut
