2506 4808
120 290 176 371 re
349 269 707 350 &tersione
747 277 860 349 xiv.
918 280 926 342 .·

125 464 512 559 diripertitum-officimu
534 465 628 534 fuisse
650 473 687 533 in
708 473 759 534 rei
780 467 940 556 publicae
958 464 1088 533 solute]

125 573 258 646 neuile,
281 585 322 636 ut
342 592 407 659 ego
427 574 548 636 urbem
569 592 588 635 a
608 569 800 636 domesticis
822 567 969 643 insidiis,
993 582 1028 634 ct
1048 571 1088 633 ab

126 675 248 741 testiuo
269 672 412 755 scelere3
445 686 483 739 tu
502 673 631 740 Italiam
649 686 684 738 et
701 675 742 736 ab
764 676 902 738 armatis
925 669 1088 747 hostibus!

127 775 329 843 aruc-cirita·
347 780 581 841 coniuratione
603 774 819 838 defenderes:
854 785 955 856 atque
985 771 1088 838 hano.

126 879 228 944 stram
251 884 353 951 tanti,
388 889 515 941 ettam
541 877 703 963 praeclari
725 879 875 940 muneris
904 872 1088 943 societater

127 986 193 1046 tuis
212 983 414 1073 propinquis
430 976 649 1073 labefactam
681 982 755 1061 qui,
785 988 888 1059 quum
903 988 941 1041 tu
956 998 975 1040 a
989 998 1042 1041 me
1058 999 1088 1041 re

129 1064 351 1168 aniplislimiS‚
388 1090 493 1162 etque
519 1070 863 1144 honorificentissimis
890 1075 1032 1145 ornatus
1065 1102 1088 1144 c:

129 1178 331 1253 timuissent,
355 1202 398 1244 ne
415 1203 481 1268 qua
502 1179 586 1269 mihi
606 1192 685 1268 pars
702 1181 810 1243 abste
826 1177 1010 1245 voluntatis
1028 1205 1088 1246 mu

130 1285 349 1347 tribueretur.
393 1269 470 1347 H'oc
491 1288 528 1347 in
552 1280 722 1355 sermone,
755 1301 858 1362 quum
875 1301 961 1346 ame
978 1305 1088 1372 expon

130 1378 204 1456 tur,
227 1404 311 1467 quae
325 1404 400 1448 mea
415 1384 622 1474 exspectatio
636 1379 747 1450 fuisset
763 1387 929 1448 orationis
944 1396 1038 1458 tuae,
1062 1408 1088 1470 q·

131 1496 236 1566 toque
255 1487 291 1546 iu
314 1506 430 1552 errore
452 1485 602 1554 versatus
626 1483 742 1548 essem:
771 1481 837 1548 vila
859 1481 906 1546 est
928 1492 1077 1550 narratio

131 1584 333 1669 iniucunda3
363 1601 398 1653 et
421 1588 605 1654 mediocris
628 1585 764 1669 quidam
783 1581 829 1647 est
846 1583 929 1650 risus
952 1587 1088 1654 consecr

130 1692 258 1755 nonin
280 1701 332 1763 te,
361 1688 415 1753 sed
437 1696 546 1778 magio
568 1696 605 1755 in
626 1709 777 1752 errorem
798 1707 930 1761 meum,
954 1690 1088 1771 etquoo‘

132 1793 191 1855 abs
208 1800 244 1854 te
258 1790 381 1878 cupisse
397 1792 536 1880 laudari,
555 1802 669 1877 aperte
685 1801 784 1871 atque
800 1792 948 1874 ingenue
964 1788 1088 1855 confite

129 1892 201 1956 Iam
224 1884 292 1957 hoc
315 1913 386 1956 non
409 1891 519 1979 potest
540 1897 577 1957 in
597 1904 719 1957 tenen
734 1883 921 1953 honorifice
942 1889 1005 1954 esse
1022 1893 1088 1956 dict

131 1999 235 2059 mein
251 1992 435 2058 clarissimis
452 1999 553 2066 meiS,'
572 2005 673 2076 etque
687 1989 892 2078 amplisfiuiis
910 1995 1025 2066 roboc,
1049 2007 1088 2057 teu

136 2093 270 2178 aliquod
295 2094 523 2162 testimonium
544 2107 621 2162 tuae
638 2093 821 2161 voluntatis
844 2107 942 2178 atque
956 2100 1051 2160 vocis
1068 2093 1088 2160 h

134 2216 171 2259 re
195 2194 342 2264 voluisse.

106 2331 125 2372 2
157 2378 162 2390 Ι
222 2297 324 2390 Quod
346 2299 458 2363 auteur
486 2302 533 2362 ita
551 2295 687 2387 scribiS,
719 2319 811 2385 „pro
835 2309 952 2362 mutuo
980 2300 1071 2359 inter

136 2400 290 2466 animo”:
321 2399 400 2483 quid
423 2411 461 2464 tu
484 2396 651 2463 existimes
680 2397 800 2464 esseio
822 2404 966 2462 amicitia
992 2411 1088 2461 mutu

135 2499 258 2565 nescio.
316 2502 484 2585 Equidem
505 2498 573 2565 hoo
599 2503 762 2573 arbitror,
800 2522 903 2583 quum
926 2521 988 2588 par
1008 2499 1086 2566 volu

137 2607 316 2689 accipitur,
348 2615 382 2667 et
400 2603 565 2679 redditur.
618 2602 709 2690 Ego,
738 2599 849 2666 fihoc
873 2602 1000 2674 dicam,
1030 2626 1084 2666 me

31 2781 33 2784 Α
138 2690 232 2799 causa
243 2703 495 2792 praetermisisse
515 2710 743 2798 provinciam,
772 2706 834 2767 tibi
855 2701 913 2792 ipsi
929 2702 1036 2768 levior
1052 2709 1088 2771 vi

146 2990 150 2995 -
185 2940 308 3005 Italiam
339 2980 383 2995 -
416 2943 624 3029 defenderes]
723 2944 874 3029 narratio]
909 2947 960 3005 stc
980 2943 1088 3024 edidi1

138 3044 301 3108 praetore
325 3050 376 3092 rne
397 3032 522 3093 consule
543 3036 576 3092 in
594 3052 627 3091 e·
682 3045 776 3091 eunte
816 3034 954 3113 Murtyni
976 3064 988 3078 ·
1014 3030 1088 3113 Lagi

139 3133 230 3201 grum
252 3114 446 3187 Gallicanum
465 3119 626 3177 Picenum·
683 3119 784 3194 aptius
802 3122 884 3177 euim
901 3112 943 3175 est
959 3113 1086 3199 vulgato

140 3217 204 3283 que
222 3199 262 3259 ed
276 3198 455 3260 habendum
472 3201 627 3262 delectum
681 3203 735 3258 tio.

23 3308 25 3313 ·
139 3277 253 3361 missus.
302 3279 464 3342 Corrad.'
726 3284 1088 3366 tuaevoluntatisatqucv

147 3366 375 3456 Viridomaro]
408 3372 459 3430 Sic
477 3365 627 3446 rescripsit
683 3369 791 3452 Vulgo
815 3380 883 3425 tuae
903 3371 993 3430 vocis.
1041 3371 1088 3428 ΡΙ(

140 3447 280 3534 Murryui
318 3455 455 3539 Legunt.
519 3454 625 3538 Vulgo
681 3454 777 3515 lectio
823 3456 961 3537 Mertyui
983 3485 999 3500 ·
1020 3454 1085 3536 Lag

140 3534 359 3606 rubenitarum:
683 3537 835 3608 debetur,
877 3535 963 3598 haud
1000 3537 1088 3599 dubit

185 3624 215 3678 in
229 3622 346 3708 errore]
381 3621 487 3707 Vulgo
505 3622 579 3684 olim
595 3625 626 3682 in
681 3626 779 3685 MStir
798 3622 839 3685 ab
862 3643 901 3683 eo
927 3621 1069 3684 adhibitis

140 3726 286 3780 moerore,
302 3724 331 3768 et
348 3708 444 3787 poulo
460 3705 530 3787 post
544 3732 623 3769 rnoe·
681 3725 746 3792 pte.

140 3813 258 3863 rorem,
281 3813 342 3872 pro
359 3814 491 3852 errorem
511 3795 625 3857 edebe·
725 3815 753 3855 2.
777 3791 888 3874 levior]
915 3794 934 3853 i.
950 3812 977 3853 e.
993 3795 1088 3852 lacteo

140 3890 199 3937 tur.
215 3945 218 3949 ¹
235 3877 275 3947 ld
290 3882 411 3957 optime
425 3896 627 3941 correxerunt
682 3876 703 3938 s.
720 3879 760 3938 ed
774 3876 976 3938 simulandum
985 3920 995 3948 ,
1015 3899 1088 3958 quor

140 3960 354 4108 omGelioribus
371 3962 454 4028 libris
468 3966 628 4030 Victorius
684 3982 754 4025 rum
770 3982 837 4026 non
851 3959 924 4024 ellel
932 4004 942 4037 ,
965 3968 1088 4044 pronior

140 4061 172 4106 et
224 4051 356 4110 iterius.
