2506 4808
91 294 209 427 'ru'
353 296 360 309 ’
431 303 718 378 nnisronn
774 258 873 375 uns

107 520 130 585 ς
223 493 296 563 Sed
318 508 475 585 tempore
494 493 565 584 ipso
584 495 628 561 de
644 492 803 583 epistolis·
845 490 938 559 Nam
953 494 1030 580 quur

137 601 295 684 paginam
316 612 489 671 tenerem,
509 596 552 681 L„
565 597 717 669 Flavius,
734 606 872 683 praetor
886 592 1030 685 delignai

136 705 322 774 mevenit,
355 697 461 764 homo
482 696 566 763 mihi
584 695 680 763 valde
702 694 889 762 familiaris.
931 696 966 764 Is
991 703 1030 763 mi

138 796 181 861 ad
201 813 440 886 procuratores
464 799 541 865 suos
561 797 675 864 literas
696 794 829 872 iniisse,
864 816 950 882 quae
975 797 1030 866 mil

138 895 213 963 sunt
230 899 467 985 iniquissimae,
485 923 528 965 ne
552 899 632 983 quid
654 898 695 962 de
721 898 839 972 bonis,
860 918 946 983 quae
964 898 1005 964 L.

139 997 281 1066 Nasonis
303 1001 454 1077 fuissent,
484 1007 538 1068 eui
559 1001 599 1065 L.
620 1001 753 1067 Flavius
775 996 877 1067 heres
901 998 968 1076 est,
1001 1000 1030 1065 dr

139 1113 220 1165 rent
248 1117 344 1178 ante,
389 1126 490 1189 quam
510 1104 551 1170 C.
580 1102 754 1167 Fundanio
782 1107 964 1189 pecuniam
991 1099 1030 1167 soi

139 1197 294 1286 Itemque
323 1203 440 1269 misisse
472 1194 517 1269 ad
542 1200 861 1297 Apollonidiensee,
902 1222 947 1268 ne
978 1203 1022 1268 de

142 1321 227 1383 quae
245 1300 379 1373 Octavii
395 1306 546 1380 fuissent,
565 1305 715 1369 deminui
728 1316 949 1392 paterentur,
972 1310 1030 1392 pri

107 1470 111 1478 ,
141 1396 315 1469 Fundanio
336 1407 490 1473 debitum
511 1404 655 1472 solutum
675 1403 767 1475 esset'.
804 1402 900 1471 Haec
918 1402 1030 1471 mihin

140 1497 185 1565 lia
203 1525 273 1569 non
289 1507 456 1575 videntur.
501 1504 593 1575 Sunt
613 1510 703 1571 enim
720 1528 738 1572 a
753 1506 933 1595 prudentia
948 1518 1030 1571 tuan

141 1598 231 1668 iimo.
275 1607 326 1674 Ne
341 1584 514 1676 deminuat
526 1602 652 1672 heres?
674 1603 764 1697 Quid
785 1605 1016 1674 fi-Infitiatur?

143 1714 283 1775 omnino
305 1734 377 1777 non
399 1705 568 1776 debetur?
603 1705 718 1799 Quid?
753 1721 892 1795 praetor
914 1708 1000 1774 solet
1023 1711 1030 1773 i

143 1809 289 1876 deberi?
311 1809 428 1903 Quid?
448 1834 512 1901 ego
527 1808 701 1879 Fundanio
716 1830 785 1875 non
803 1806 927 1897 cupio?
951 1832 1023 1876 non

141 1907 239 1978 sum?
264 1937 334 1978 non
351 1911 579 1980 misericordia
596 1904 759 1974 moveor?
779 1930 882 1974 nemo
905 1916 1029 2005 magis:

142 2017 226 2084 iuris
242 2017 408 2081 eiusmodi
425 2014 472 2079 est
488 2013 689 2099 quibusdam
704 2015 740 2074 in
756 2012 876 2084 rebuS,
896 2022 935 2076 ut
950 2008 1030 2075 nihii

129 2119 283 2205 ,gratiae
326 2113 443 2202 Atque
464 2121 510 2180 ita
533 2111 772 2178 mihidicebat
791 2108 925 2176 Flavius
949 2109 1030 2198 scrip

145 2232 186 2280 ea
203 2213 356 2302 epistola,
379 2237 479 2304 quam
494 2227 587 2283 tuam
604 2211 668 2279 eise
685 2210 834 2286 dicebat,
858 2223 894 2277 te
909 2223 969 2276 aut
989 2233 1030 2300 qu

523 2450 794 2470 m

142 2612 372 2708 nomenclator]
417 2624 458 2685 de
490 2623 629 2688 ministris
687 2620 770 2687 Coff.
785 2621 926 2686 tribunus
940 2622 1029 2706 plebi

145 2707 272 2787 Quinti,
293 2709 548 2791 aquoscriptem
565 2714 631 2792 epi·
687 2727 719 2770 et
744 2730 762 2769 a
791 2729 858 2789 quo
882 2710 947 2770 Dio
973 2710 1030 2772 cai

143 2789 257 2853 stolam
280 2794 389 2874 Quinti
412 2797 529 2856 annulo
551 2792 632 2857 obfi-
686 2794 849 2856 XXXVII.
884 2810 992 2856 narret
1018 2817 1030 2856 c

143 2893 272 2957 gnatone
288 2880 399 2940 Cicero
417 2880 555 2964 legeret,
576 2884 633 2940 mi·
687 2878 854 2940 Metellum
880 2882 914 2940 in
935 2901 1030 2941 carcer

143 2963 228 3019 nime
262 2961 469 3042 probandam.
510 2962 631 3024 Manui.
689 2980 789 3038 ctum,
824 2981 1030 3047 omnesque<

144 3040 299 3107 Emessins
332 3065 427 3132 negat
461 3046 493 3109 se
526 3051 633 3110 rddere
689 3049 776 3109 edire
792 3046 936 3121 velleret,
962 3049 1030 3109 edit*

146 3146 202 3188 cur
235 3132 295 3205 ipse
328 3130 378 3194 hic
412 3133 552 3195 additum
586 3132 632 3194 fit.
689 3133 772 3194 bitoe
811 3127 898 3208 effe,
942 3139 998 3215 qui

145 3212 291 3276 ‘Arbitror
324 3233 427 3279 autern
473 3216 633 3303 significari
690 3221 770 3300 egris
796 3219 878 3277 inter
899 3221 1030 3299 Pompei

145 3293 228 3359 hene
245 3297 408 3382 epistolam
431 3304 550 3364 eSulla
574 3324 633 3364 no·
691 3301 862 3364 dividendis
889 3308 1030 3366 acerrimi

145 3383 339 3446 menelotore
387 3389 507 3468 Quimo
564 3388 634 3468 sup·
689 3383 841 3470 posuIffet.

142 3464 289 3545 politam,
309 3491 376 3533 non
386 3473 505 3553 Quinto
517 3473 634 3534 dictan·
729 3481 853 3547 praetor
871 3471 952 3546 folet
974 3474 1030 3531 iudi

145 3562 179 3611 te
195 3552 346 3636 scriptam.
690 3554 774 3639 beri]
795 3557 925 3616 Praetor
939 3571 975 3616 ut
993 3560 1026 3617 in

190 3636 220 3700 6.
247 3641 303 3715 sed
332 3653 465 3718 tempore
500 3642 560 3719 ipso
598 3643 635 3698 de
691 3640 813 3724 legibue
836 3636 1025 3701 ostendimus

145 3723 538 3892 E'Z'fe‘ssssiidn‘sspffssissifo
558 3725 636 3871 ¹232*
691 3722 1030 3871 ffissidiitstddiffli

145 3887 494 3959 fideretiurscribendie.
515 3892 635 3955 Manui.
692 3908 842 3976 praetore
866 3892 947 3967 doti,
988 3916 1030 3977 qu

192 3975 228 4034 L.
246 3974 387 4064 Havins]
408 3982 491 4042 idern
507 3977 566 4052 est,
581 3984 637 4060 qui
694 3976 861 4052 decausis,
883 3994 949 4038 turn
967 3985 1030 4040 etin:

144 4060 276 4128 'difinio
306 4081 338 4149 et
361 4064 494 4130 Metello
524 4065 640 4127 Celere
692 4068 725 4127 in
741 4063 853 4147 quibus
868 4068 1030 4151 petitapu
