2506 4808
136 333 196 397 150
409 306 694 382 EPISTULA
734 314 888 385 XXVI.

107 509 127 572 5
219 501 325 593 Quod
337 490 387 566 'de
409 506 538 591 agraria
552 500 629 592 lege
652 510 805 590 quaeris,
825 503 902 570 sane
918 522 1020 591 quam
1037 512 1078 575 vi«

139 603 314 672 refrixisset
1072 679 1075 687 ,

111 713 140 776 (γ
228 705 329 794 Quod
344 726 399 768 me
419 704 566 788 quodam
585 705 690 769 modo
708 707 802 772 molli
817 709 958 775 brachio
975 710 1019 775 de
1033 708 1078 776 Po

135 816 165 877 ·ii
188 808 412 876 familiaritate
430 809 608 893 obiurgas:
631 807 736 888 nolim
759 815 806 873 ita
827 809 1016 887 existimes,
1034 836 1078 878 mr

141 909 294 1002 praefidii
316 907 506 973 causacum
533 906 591 971 iiio
615 914 834 975 coniunctum
856 911 938 995 esse;
974 912 1078 979 sedit

143 1025 216 1079 erat
229 1010 475 1083 institutarnt,
498 1006 520 1070 fi
535 1012 701 1073 internos
719 1008 798 1075 esset
814 1011 923 1096 aliqua
941 1013 1034 1078 forte
1056 1015 1078 1078 d

144 1113 209 1187 fio,
237 1119 401 1176 maximas
422 1117 459 1175 in
480 1107 663 1197 republica
679 1110 870 1179 discordias
884 1113 1009 1180 versari
1027 1113 1078 1181 esst

145 1215 242 1283 cesse.
287 1213 390 1303 Quod
411 1232 505 1274 anne
530 1216 577 1275 ita
599 1224 834 1297 praecautum,
870 1228 969 1299 atque
990 1222 1038 1281 ita
1064 1241 1078 1307 1

145 1317 217 1384 sum
234 1312 296 1389 est,
320 1328 452 1387 nontut
473 1335 537 1402 ego
558 1313 605 1397 de⁸
620 1317 747 1399 optima
764 1312 820 1378 illa
836 1337 909 1380 mea
931 1323 1063 1383 ratione

142 1421 277 1503 derem3
299 1415 365 1479 sed'
377 1429 415 1481 ut
435 1415 491 1480 ille
510 1411 590 1478 esset
606 1412 746 1486 melior,
769 1427 803 1477 et
819 1415 944 1499 aliquid
958 1418 1001 1484 de
1020 1445 1078 1510 po}

141 1521 282 1607 levitate,
305 1517 509 1605 deponeret3
547 1537 646 1603 quem
675 1514 718 1577 de
748 1522 833 1581 meis
867 1522 992 1596 rebus,
1027 1529 1063 1588 in

143 1606 550 1697 eunumuitt'tncttarart,
571 1615 679 1683 multo
693 1613 778 1680 [cito
795 1616 988 1705 glorioiius,
1010 1645 1076 1708 qua

141 1721 207 1789 fuis
226 1720 431 1810 praedicare.
475 1717 549 1785 Sibi
570 1720 661 1781 enim
683 1716 771 1801 bene
791 1717 918 1805 gestae,
940 1723 1024 1791 mihi
1045 1747 1078 1789 cc

143 1835 237 1892 votae
258 1820 476 1910 reipublicae
497 1823 556 1889 dat
571 1821 810 1906 testimonium.
854 1818 931 1887 Hoc
948 1825 1061 1891 facere

142 1924 229 1993 mihi
250 1945 350 2008 quam
370 1923 491 2012 profit,
517 1924 645 2006 nesci03
667 1928 716 1987 rei
732 1919 886 2008 publicae
912 1940 1006 1991 certe
1022 1948 1078 2015 ,ΡΗ

144 2027 255 2118 Quid,
280 2023 302 2086 fi
319 2030 420 2089 etiam
435 2025 627 2097 Caesarem,
653 2029 748 2089 cuius
764 2044 855 2087 nunc
872 2035 965 2094 venti
981 2029 1078 2096 valde

144 2125 300 2199 secundi,
336 2125 444 2190 reddo
471 2121 671 2192 meliorem?
709 2142 800 2186 num
831 2136 963 2194 tantum
986 2130 1078 2198 obitu

144 2225 322 2319 publicae?
365 2222 446 2311 quin
478 2235 597 2299 etiam,
632 2223 653 2287 fi
683 2223 766 2289 mihi
795 2249 897 2292 nemo
925 2232 1078 2298 invidere

146 2351 285 2403 omnes,
308 2340 346 2394 ut
366 2342 436 2395 erat
460 2350 622 2412 aequum,
644 2327 814 2394 faverent:
839 2342 953 2398 tamen
977 2356 1078 2399 nonu

146 2433 227 2500 eiiet
247 2431 425 2521 probanda
446 2429 630 2502 medicina,
652 2450 736 2511 quae
760 2428 889 2497 sanaret
909 2435 1078 2525 vitiosasp

146 2726 149 2733 '
188 2735 219 2798 5.
237 2725 275 2782 de
290 2722 415 2800 agraria
432 2721 522 2803 lege]
565 2722 631 2786 aL.
682 2720 720 2782 'bi
737 2720 768 2782 se
784 2723 974 2788 venditando
989 2725 1075 2789 osten

145 2807 252 2871 Flavio
283 2809 405 2868 tribuno
426 2806 534 2888 tplebis
556 2828 632 2888 pro·
688 2803 809 2871 Manat,

146 2894 295 2976 mulgent.
519 2916 522 2923 ·
730 2895 812 2950 venti
832 2894 921 2950 valde
934 2895 1006 2966 silut
1029 2896 1078 2972 see

184 2981 257 3056 sane
286 2972 399 3057 quam]
458 2993 476 3033 e
506 2974 632 3034 Graevii
689 2976 1078 3057 quodexistimationeett

148 3064 377 3124 emendatione.
434 3058 528 3142 Vulg.
558 3059 632 3137 sone
687 3067 780 3122 ritate
793 3066 924 3161 maxime
938 3061 1078 3125 floreret.

148 3147 217 3210 iarn.
689 3158 751 3209 nut.

188 3232 326 3293 6.-molli
353 3223 495 3307 brachio]
546 3224 631 3306 quest
731 3231 952 3315 uuintoniam]
988 3243 1078 3293 tantu:

145 3315 285 3381 molliter
307 3329 339 3373 et
359 3313 484 3381 leviter,
518 3326 553 3371 ut
572 3314 632 3372 levi
689 3334 839 3396 quantum
856 3333 888 3375 tu
898 3320 1078 3399 dicisexpro

145 3398 308 3461 brachiol.
322 3399 378 3468 IV,
402 3417 451 3474 ep.
472 3411 518 3469 15.
542 3398 629 3458 Corr.
687 3401 913 3482 mihipompeii
923 3404 1078 3465 familiam

145 3485 302 3561 Voculam
331 3483 550 3561 quodammodo
576 3483 632 3542 ΕῐΑ
687 3484 794 3544 Bolius
813 3483 953 3556 δεικτικιῖς
973 3488 1078 3550 dictim

145 3566 258 3649 nestius
275 3565 403 3650 glolsam
421 3564 480 3625 effe
496 3581 596 3646 putet.
687 3590 748 3648 pro
766 3574 813 3627 vel
827 3574 988 3632 tantillum.
1033 3576 1075 3637 su

161 3686 164 3693 ·
188 3655 248 3710 mei
265 3650 430 3734 praesidii]
471 3652 503 3710 id
527 3668 631 3711 tomen
687 3671 736 3713 tus
754 3670 856 3714 autem
873 3655 965 3737 saepe
974 3656 1038 3722 sum
1048 3658 1078 3718 Ci

148 3739 285 3802 ostendit
300 3758 395 3816 parva
409 3734 630 3818 fignificetione
687 3758 762 3798 num
784 3734 944 3819 scripfiffe:
981 3764 1049 3801 num
1072 3758 1078 3794 1

146 3845 198 3904 ep.
220 3844 265 3901 17.
287 3823 320 3880 L.
338 3822 360 3880 I.
409 3819 536 3878 Corrad.
689 3826 832 3898 obfum—
850 3821 976 3899 Ernesti.
1017 3829 1078 3886 Nec

187 3911 225 3965 de
246 3909 386 3982 populari
407 3903 550 3989 levitate]
595 3920 631 3965 ut
687 3914 810 3969 ratione
837 3929 896 3970 nec
915 3910 1043 3972 Ernestii
1066 3929 1078 3968 c

131 3995 325 4078 'gravitatem
340 3996 445 4072 potius
464 3995 630 4072 optimate·
689 3999 793 4053 ctione
809 3993 955 4072 opusest.
990 3991 1078 4055 Tanta

145 4079 277 4151 tuendo,
292 4097 387 4159 quem
402 4077 556 4138 levitatem
564 4076 631 4159 ple-
690 4082 733 4135 ita
753 4082 887 4138 multrun.
909 4106 912 4111 ·
