2506 4808
291 261 854 374 insternuntur.

1020 324 1062 385 ²5
1069 331 1089 381 1:

51 498 197 569 bantur,
215 494 270 559 sed
287 501 387 559 etiam
401 492 565 559 sententia
578 491 672 580 saepe
687 499 754 557 iant
767 491 954 575 tabellaque
966 493 1089 558 docue-

53 609 144 661 runt.
168 598 283 678 Itaque
298 611 370 662 tota
385 603 451 661 iam
466 590 661 683 sapientium
678 599 812 667 civium,
835 593 968 676 qualem
982 618 1036 659 me
1053 607 1090 661 et

54 697 119 763 esse
134 711 167 760 et
182 704 355 761 numerari
369 697 464 768 volo,
484 702 518 759 et
533 694 711 768 sententia,
733 706 768 758 et
779 693 936 762 voluntas
960 709 1089 763 mutata

55 800 120 864 elle
145 800 259 862 debet.
303 799 342 862 Id
367 803 456 862 enirn
480 799 576 861 iubet
596 797 688 859 idem
701 793 758 860 ille
772 794 886 870 Plato,
909 820 1009 882 quem
1024 819 1088 886 ego

55 901 275 968 veliementer
298 912 471 964 auctorem
496 897 633 981 sequor,
667 909 800 962 tantum
823 899 1029 963 contendere
1051 905 1089 965 in

55 1024 93 1066 re
108 1002 261 1088 publica,
276 999 445 1083 'quantuni
464 1002 607 1088 probare
631 1001 699 1062 tuis
719 1001 850 1063 civibus
872 996 991 1086 posfiS‚
1020 1006 1089 1065 vim

55 1125 166 1187 neque
181 1109 332 1190 parenti,
354 1125 464 1186 neque
479 1107 605 1188 patriae
620 1099 739 1164 afferri
753 1114 928 1184 oportere.
972 1097 1090 1186 Atque

55 1204 143 1268 hanc
168 1203 307 1287 quidem
326 1203 383 1268 ille
407 1202 536 1268 causant
564 1198 620 1264 fibi
645 1205 693 1264 ait
712 1223 782 1265 non
805 1202 1019 1290 attingendae
1040 1208 1090 1269 rei
1131 1277 1134 1289 Ι

54 1306 209 1394 publicae
225 1303 338 1369 fuisse:
363 1303 453 1388 quod
471 1324 573 1385 quum
593 1300 785 1366 offendisset
805 1306 966 1392 populum
983 1300 1089 1371 Athe-

54 1405 204 1473 niensem
230 1426 337 1492 prope
359 1406 432 1469 iant
447 1401 663 1489 desipientem
692 1401 880 1478 senectute,
918 1426 1090 1490 quumque

58 1532 136 1575 eunt
151 1505 342 1596 persuaderi
356 1503 447 1592 posse
461 1501 650 1576 diffideret,
672 1509 749 1591 cogi
768 1505 819 1571 fas
838 1504 903 1570 esse
920 1529 989 1570 non
1005 1509 1091 1572 arbi·

57 1623 218 1675 traretnr.
261 1605 339 1670 Mea
355 1610 441 1670 ratio
462 1607 528 1670 fuit
550 1604 630 1678 alia,
650 1608 759 1690 quod,
780 1628 889 1690 neque
907 1603 1091 1694 desipiente

56 1711 200 1800 popul0,
229 1726 338 1791 neque
360 1712 553 1794 integrare
577 1706 660 1772 mihi
684 1709 726 1771 ad
751 1706 1013 1781 consulendum,
1040 1729 1092 1772 ca·

57 1811 266 1899 pesserernne
288 1808 567 1895 rempublicam,
602 1809 793 1895 implicatus
816 1812 968 1873 tenebar.
1019 1808 1091 1875 Sed

58 1913 203 1977 laetatus
219 1909 438 1981 remensum,
460 1910 551 1991 quod
568 1909 651 1973 mihi
673 1909 792 1975 liceret
815 1918 850 1975 in
866 1911 982 1974 cadent
997 1911 1093 1975 causa

59 2019 95 2080 ‘et
117 2013 200 2081 milti
220 2011 332 2085 utilia,
364 2022 399 2074 et
422 2017 528 2076 cuivis
551 2013 641 2076 bono
663 2025 756 2077 recta
777 2012 970 2078 defendere.
1012 2013 1091 2078 Huc
1125 2024 1130 2032 ‘

96 2483 244 2560 sententie
251 2481 367 2556 saepe
356 2501 415 2537 tam
429 2483 549 2537 tabes-la

63 2588 121 2650 que
136 2565 311 2648 dociterunt]
329 2569 477 2641 perdentia
491 2565 549 2626 scil.

62 2659 95 2713 in
112 2652 233 2723 senatu,
256 2654 333 2708 rabel
334 2655 386 2708 [α’
378 2670 409 2711 tn
422 2652 550 2710 iudiciis.

61 2739 168 2820 Vulgo
184 2738 285 2797 editur
293 2737 376 2812 sensu
384 2737 474 2810 saepe
492 2738 552 2793 iarn

64 2826 228 2900 tabellaque
277 2825 448 2881 docuerunt.
512 2826 552 2880 At

57 2910 156 2985 sensus
168 2907 243 2968 nihil
260 2903 378 2986 potest,
402 2909 552 2986 quoniam

64 2999 201 3054 internus
224 2989 282 3064 est3
326 2991 403 3050 ulios
428 2991 552 3051 docere.

64 3075 219 3138 Ernestius
263 3076 389 3155 quidem
427 3076 552 3135 Grono-

65 3168 147 3222 vium
170 3167 211 3220 ait
229 3157 313 3220 Obff.
329 3161 368 3220 ll.
389 3171 419 3236 4.
443 3160 553 3220 lectio·

64 3268 136 3308 nem
164 3248 262 3324 seusus
292 3243 470 3305 defendisse.
514 3248 555 3305 At

63 3333 116 3392 ille
138 3333 214 3391 nihil
240 3330 283 3390 ibi
305 3329 408 3388 nttulit
430 3347 555 3408 praeter

65 3418 162 3496 ipsum
175 3417 423 3476 huncCiceronis
442 3417 557 3474 locum

70 3501 219 3560 Sententia
243 3501 408 3582 legendnm
435 3500 556 3560 censue

67 3603 139 3646 runt
172 3591 347 3662 Manutius,
392 3586 557 3643 Lambinus

69 3673 231 3730 Graevius.
263 3672 342 3729 Ecce
357 3671 458 3728 autern
474 3673 557 3729 Mer·

69 3759 288 3838 tyni-Luguna
317 3756 413 3814 edidit
449 3755 557 3831 ostensa

66 3844 154 3916 saepe
184 3843 243 3898 iam
267 3843 374 3896 tabella
398 3843 558 3897 docuerunt

601 2466 704 2544 solent
727 2482 875 2556 ostendi'
866 2503 897 2543 tn
928 2479 1094 2565 suffragiis;

606 2583 705 2626 erant
719 2575 800 2626 enirn
828 2567 870 2627 ob
902 2589 968 2627 earn
999 2569 1096 2648 ipsum

607 2649 729 2713 causum
760 2657 920 2725 inventae,
961 2653 1096 2728 utquid

608 2743 740 2818 quisque
766 2735 906 2807 sentiret,
937 2742 967 2797 in
992 2735 1097 2799 suffra·

609 2824 714 2909 gando
736 2823 890 2882 occultum
908 2821 988 2882 esset.

650 2910 728 2964 idem
753 2911 804 2965 ille
827 2905 935 2989 Plato]
958 2909 1096 2972 Platoni!

609 2992 703 3052 verbu
718 2990 828 3053 suntin
845 2996 973 3052 Critone
991 3016 1015 3054 c.
1039 3017 1083 3055 a.

608 3080 765 3152 πανταχοῦ
782 3085 908 3147 ποιητέον
921 3072 941 3135 οἵ
954 3104 987 3135 αν
1002 3078 1097 3138 ueleti-

610 3187 632 3221 ιν
653 3162 798 3233 ηπὸλνςτε
820 3171 870 3222 καὶ
895 3163 913 3232 n‘
936 3181 1096 3245 πατρὶς»,
1078 3151 1099 3240 ’l

610 3253 716 3306 πείθειν
742 3250 844 3318 αὐτὴν,
889 3247 905 3327 ᾖ
934 3250 966 3306 *tc*
990 3253 1098 3308 ὁνκαιον

611 3339 737 3404 πέφυκε,
787 3334 941 3410 βιαζεσθαι
973 3330 1004 3392 δὲ
1042 3338 1099 3414 οὐχ
1177 3368 1181 3381 ν

612 3411 687 3480 ὅσιον
709 3412 773 3474 ου’τε
795 3425 903 3520 μητέρα
926 3440 987 3475 νντε
1008 3427 1099 3480 πατέ-

611 3526 662 3584 ρα,
687 3504 760 3560 πολυ
782 3500 930 3562 diruitur
952 3497 993 3560 ἔτι
1016 3492 1100 3578 ἦττον

612 3588 662 3660 τήν
689 3586 827 3666 πατρίδα.
873 3586 993 3643 Manui

648 3672 819 3747 senectute,
861 3693 1040 3754 curemque
1036 3690 1102 3731 eum

612 3756 805 3840 persuaderi]
842 3757 947 3838 Vulgo
971 3754 1009 3815 fir
1030 3750 1103 3817 ede-

612 3843 719 3902 batur:
719 3845 830 3982 Aqtrod
854 3864 968 3917 qtrutn
962 3841 1102 3920 ffendis·

67 3942 176 3984 'utrum
217 3927 330 3984 codicis
374 3931 559 3985 auctoritate
607 3925 745 4004 setpA
748 3949 806 4002 ..p
833 3931 891 3984 iam
915 3929 1104 4003 definientem

70 4015 183 4078 nixus,
223 4031 275 4067 en
287 4014 464 4070 coniectura
491 4010 560 4069 usus
608 4015 774 4088 jener-tute,
812 4034 992 4089 qtturnqne
1024 4037 1104 4074 eum

72 4094 203 4156 neseio.
230 4087 372 4152 Tutelae
394 4117 469 4158 vcro
497 4116 562 4157 nou
606 4118 681 4158 uec
723 4099 996 4176 persuadendo
1039 4123 1105 4161 nec
