2506 4808
155 342 196 400 ω
241 392 244 397 ,
412 293 733 392 'serenos-A
771 318 927 397 1v.rv‚

120 543 144 606 5
238 513 449 585 Hermae'tui
463 511 624 581 Pentelici
639 538 717 581 cum
731 521 897 605 capitibus
915 528 1039 598 aeneia,
1053 526 1095 592 de
1108 536 1183 615 qui·

151 629 216 692 bus
232 622 272 687 ad
287 640 340 684 me
353 611 518 702 scripsisti,
539 620 606 678 iarn
621 639 711 683 nnnc
727 642 781 684 me
797 621 980 686 admodum
995 626 1180 698 delectant.

150 727 263 818 Quare
284 718 400 791 velim,
428 723 463 779 et
482 726 562 789 eos,
590 729 624 781 et
648 717 737 806 ligna
758 733 886 795 cetera,
915 744 998 807 quae
1019 732 1081 794 tibi
1101 739 1179 802 eius

148 829 225 907 looi,
248 838 281 890 et
294 820 400 888 nostri
414 817 523 891 studii,
545 830 580 882 et
592 830 668 882 tuae
684 819 866 909 elegantiae
881 823 944 889 esse
960 829 1179 913 videbuntur,

146 950 248 1017 quam
267 926 430 1015 plurima,
459 941 559 1004 quam
578 926 792 1009 primumque
808 930 939 1001 mittaS,
971 942 1005 993 et
1025 941 1183 1005 maxime.

146 1053 230 1124 quae
245 1031 309 1095 tibi
325 1020 502 1117 gymnasii,
529 1021 682 1115 xystique
695 1025 900 1093 videbuntur
914 1028 989 1094 esse.
1033 1033 1121 1101 Nam
1136 1045 1190 1107 in¹¹

144 1148 325 1218 eogenere
341 1123 384 1188 sle
398 1122 505 1188 studio
523 1124 712 1198 efferimur,
737 1138 776 1191 ut
793 1131 903 1193 abste
921 1132 1109 1214 adiuvandi,
1128 1145 1193 1210 ab·-

143 1233 217 1298 aliis
232 1247 340 1318 prope
354 1221 626 1315 reprehendendi
642 1224 754 1292 fimus.
784 1227 824 1296 Si
838 1228 974 1298 Lentuli
985 1244 1080 1304 navis
1096 1264 1172 1310 nou

136 1340 227 1407 erit,
253 1350 320 1414 quo
335 1329 398 1390 tibi
416 1325 580 1414 placebit,
604 1329 785 1414 imponito.

109 1447 131 1508 7
223 1426 394 1501 Tulliola,
432 1426 606 1492 deliciolae
633 1426 784 1503 nostrae,
814 1442 911 1498 tuum
935 1436 1171 1510 munusculum

55 1533 57 1538 ’
141 1537 284 1624 flagitat,
306 1543 340 1596 et
355 1552 427 1604 me,
450 1542 490 1594 ut
506 1527 714 1616 sponsorem,
738 1532 896 1622 appellat5
920 1543 968 1603 mi
983 1530 1095 1606 autem
1112 1548 1170 1611 ah-

137 1646 247 1710 iurare
262 1639 388 1700 certius
406 1628 470 1706 est,
493 1641 593 1718 quam
611 1630 814 1721 dependere.

316 1828 597 1903 EPISTOLA
637 1823 679 1899 V.
728 1829 838 1916 (Att.
875 1834 981 1929 L9.)

262 2044 265 2049 .
343 2054 346 2060 ,
424 1988 489 2057 θεῖ’.
503 1940 628 2056 Romus
641 1993 677 2054 A.
693 1993 732 2055 U.
747 1943 781 2054 C:
799 1995 902 2068 636:
1021 2007 1025 2017 '
1125 2012 1133 2019 ·

132 2154 230 2217 Raros
248 2157 283 2211 ab
297 2147 397 2209 Attico
415 2153 519 2210 literas
534 2149 635 2207 venire
651 2147 792 2224 queritur.
817 2167 842 2209 r.
889 2143 982 2229 Sigea
992 2151 1051 2226 fibi
1064 2169 1097 2218 ut
1111 2124 1173 2224 cn.¹

170 2269 218 2319 ret
234 2258 321 2335 petit.
345 2274 374 2316 2.
420 2249 512 2310 Clitis·
532 2252 720 2328 rogationem
743 2253 936 2313 commendat.
959 2267 990 2330 5.

201 2383 205 2397 ’
317 2426 557 2502 'emeno
599 2429 847 2508 Antron,
892 2433 929 2502 e.

209 2580 362 2657 Nimium
393 2610 470 2654 raro
499 2589 600 2650 nobis
636 2587 695 2650 abs
730 2598 764 2649 te
797 2585 916 2654 literae
944 2562 1152 2665 asseruntur:

110 2706 229 2789 'quum
251 2705 286 2759 et
305 2689 412 2759 multo
434 2702 473 2754 tu
496 2685 626 2753 facilius
645 2691 814 2774 reperias,
839 2695 896 2774 qui
913 2689 1058 2762 Romam
1072 2723 1153 2790 pro.

120 3052 206 3114 'terea
241 3073 339 3134 quum
373 3046 540 3112 victoribus
571 3051 604 3108 in
660 3058 692 3107 et
708 3043 936 3112 firmitudinem.
957 3050 1049 3112 Unde
1059 3058 1146 3136 apud

119 3137 208 3199 leeris
226 3135 441 3198 certaminibus
464 3135 602 3192 dicaren·
659 3134 843 3192 Suetonium
851 3135 959 3208 statuis
976 3141 1075 3214 capita
1091 3146 1144 3201 de·

118 3238 170 3285 tur
190 3220 316 3283 statuae.
354 3221 432 3281 Plin.
453 3218 600 3278 XXXIV.
659 3217 785 3276 trahere.
826 3214 950 3293 Popma.
1148 3293 1152 3299 .

118 3329 144 3369 c.
158 3319 187 3385 4.
223 3305 363 3389 Μεγάροις
381 3300 409 3365 ii
428 3297 502 3381 ἔχεις
516 3313 601 3382 γέρας
700 3312 730 3359 et
739 3293 954 3383 fignacetera]
976 3300 1154 3391 Siclegen-¹

115 3394 217 3473 inquit
232 3391 381 3452 Pindarus
398 3385 596 3471 Od.3.Pyth.
656 3384 810 3456 dum,non
818 3389 964 3472 urvulgo,
975 3399 1004 3446 et
1010 3388 1099 3474 figna
1112 3407 1146 3471 ee

118 3475 247 3536 Corrad.
655 3482 762 3530 cerere.
786 3475 867 3532 Nam
878 3471 1016 3554 alioquin
1024 3479 1142 3542 videbi.

159 3565 188 3625 6.
213 3556 367 3642 Pentelici]
390 3557 597 3616 Ermarmore
653 3571 704 3616 tur
726 3557 856 3617 Hermas
879 3578 945 3618 non
970 3562 1141 3642 agnoscere

111 3646 369 3715 Pentelicosacti.
392 3637 595 3726 ὅςοςγοίρεστι
652 3661 713 3722 pro
734 3638 832 3723 signis.
879 3640 998 3719 cesant.

112 3736 266 3805 Ἀθηναίοις
302 3726 484 3796 nereensis,
526 3718 595 3785 ἔνθα
694 3728 979 3810 qnnetc'bieiuslori]
1004 3730 1137 3812 Supple,

110 3822 272 3890 λιθοτομίαι
294 3810 421 3874 Pausen.
444 3815 477 3871 in
501 3811 593 3870 Arrio.
652 3834 735 3888 quem
744 3823 775 3868 tu
790 3834 846 3870 non
862 3815 1136 3897 ignorasepr.2,

110 3897 317 3982 etTheophr.
343 3899 415 3980 περὶι
428 3897 480 3956 stin
501 3899 594 3957 λίθων.
655 3893 783 3954 conrad.

113 3984 241 4046 carran.
263 3977 594 4046 Soleb'antantemsla·
692 4003 761 4038 nam
784 3983 814 4039 in
835 4002 868 4037 eo
892 3981 1014 4064 genere]
1060 3984 1136 4047 scil,

107 4079 167 4134 anis
196 4075 297 4153 capita
325 4071 445 4147 imponi
475 4087 509 4125 es
533 4064 593 4124 alia
650 4064 827 4146 voluptatis.
857 4067 908 4124 Sic
922 4086 971 4148 ep.
987 4083 1018 4140 5.
1040 4089 1136 4146 genus

107 4165 236 4220 materia
257 4158 296 4217 ad
313 4153 455 4216 ornmrnn
476 4155 594 4231 pariter
650 4148 704 4208 ltor
724 4151 940 4228 esnvoluptatis
955 4173 1051 4212 aneae.
