<?xml version="1.0" encoding="UTF-8"?>
<!DOCTYPE html PUBLIC "-//W3C//DTD XHTML 1.0 Transitional//EN"
    "http://www.w3.org/TR/xhtml1/DTD/xhtml1-transitional.dtd">
<html xmlns="http://www.w3.org/1999/xhtml" xml:lang="en" lang="en">
 <head>
  <title>
</title>
<meta http-equiv="Content-Type" content="text/html;charset=utf-8" />
  <meta name='ocr-system' content='tesseract 3.04.00' />
  <meta name='ocr-capabilities' content='ocr_page ocr_carea ocr_par ocr_line ocrx_word'/>
</head>
<body>
  <div class='ocr_page' id='page_1' title='image "./mtciceronisepis00billgoog/mtciceronisepis00billgoog_0513.png"; bbox 0 0 2506 4808; ppageno 0'>
   <div class='ocr_carea' id='block_1_1' title="bbox 169 306 947 387">
    <p class='ocr_par' dir='ltr' id='par_1_1' title="bbox 169 306 947 387">
     <span class='ocr_line' id='line_1_1' title="bbox 169 306 947 387; baseline 0 -10"><span class='ocrx_word' id='word_1_1' title='bbox 169 314 229 387; x_wconf 81' lang='lat'><strong>¹⁶8</strong></span> <span class='ocrx_word' id='word_1_2' title='bbox 417 306 698 381; x_wconf 77' lang='lat' dir='ltr'>EPISTULA</span> <span class='ocrx_word' id='word_1_3' title='bbox 741 310 947 381; x_wconf 79' lang='lat' dir='ltr'><strong>cxxxi.</strong></span> 
     </span>
    </p>
   </div>
   <div class='ocr_carea' id='block_1_2' title="bbox 135 440 1195 575">
    <p class='ocr_par' dir='ltr' id='par_1_2' title="bbox 135 440 1195 575">
     <span class='ocr_line' id='line_1_2' title="bbox 135 440 1195 575; baseline 0.011 -16"><span class='ocrx_word' id='word_1_4' title='bbox 135 506 157 575; x_wconf 81' lang='lat'>3</span> <span class='ocrx_word' id='word_1_5' title='bbox 275 494 347 563; x_wconf 85' lang='lat' dir='ltr'><strong>Has</strong></span> <span class='ocrx_word' id='word_1_6' title='bbox 375 497 490 563; x_wconf 78' lang='lat' dir='ltr'><strong>literas</strong></span> <span class='ocrx_word' id='word_1_7' title='bbox 516 495 617 563; x_wconf 82' lang='lat' dir='ltr'><strong>velim</strong></span> <span class='ocrx_word' id='word_1_8' title='bbox 647 496 818 563; x_wconf 83' lang='lat' dir='ltr'><strong>existimes</strong></span> <span class='ocrx_word' id='word_1_9' title='bbox 847 440 1195 570; x_wconf 46' lang='lat' dir='ltr'><strong>toedeus&#39;hatmns</strong></span> 
     </span>
    </p>
   </div>
   <div class='ocr_carea' id='block_1_3' title="bbox 60 596 1200 2597">
    <p class='ocr_par' dir='ltr' id='par_1_3' title="bbox 60 596 1200 2597">
     <span class='ocr_line' id='line_1_3' title="bbox 168 596 1198 691; baseline 0.009 -29"><span class='ocrx_word' id='word_1_10' title='bbox 168 596 232 662; x_wconf 84' lang='lat' dir='ltr'><strong>csse</strong></span> <span class='ocrx_word' id='word_1_11' title='bbox 246 604 334 673; x_wconf 90' lang='lat' dir='ltr'><strong>vim,</strong></span> <span class='ocrx_word' id='word_1_12' title='bbox 351 622 417 664; x_wconf 91' lang='lat' dir='ltr'><strong>non</strong></span> <span class='ocrx_word' id='word_1_13' title='bbox 434 596 607 685; x_wconf 82' lang='lat' dir='ltr'><strong>epistolae,</strong></span> <span class='ocrx_word' id='word_1_14' title='bbox 632 620 753 685; x_wconf 78' lang='lat' dir='ltr'><strong>meque</strong></span> <span class='ocrx_word' id='word_1_15' title='bbox 769 620 828 673; x_wconf 86' lang='lat' dir='ltr'><strong>ca,</strong></span> <span class='ocrx_word' id='word_1_16' title='bbox 850 620 944 683; x_wconf 78' lang='lat' dir='ltr'><strong>quae</strong></span> <span class='ocrx_word' id='word_1_17' title='bbox 965 605 1042 667; x_wconf 86' lang='lat' dir='ltr'><strong>tibi</strong></span> <span class='ocrx_word' id='word_1_18' title='bbox 1056 611 1198 691; x_wconf 86' lang='lat' dir='ltr'><strong>promitto</strong></span> 
     </span>
     <span class='ocr_line' id='line_1_4' title="bbox 168 696 1198 795; baseline 0.01 -32"><span class='ocrx_word' id='word_1_19' title='bbox 168 719 208 763; x_wconf 86' lang='lat' dir='ltr'><strong>ac</strong></span> <span class='ocrx_word' id='word_1_20' title='bbox 230 707 374 787; x_wconf 87' lang='lat' dir='ltr'>recipio,</span> <span class='ocrx_word' id='word_1_21' title='bbox 394 696 589 765; x_wconf 78' lang='lat' dir='ltr'><strong>iancuffime</strong></span> <span class='ocrx_word' id='word_1_22' title='bbox 612 698 676 765; x_wconf 85' lang='lat' dir='ltr'><strong>esse</strong></span> <span class='ocrx_word' id='word_1_23' title='bbox 699 700 988 777; x_wconf 86' lang='lat' dir='ltr'><strong>observaturum,</strong></span> <span class='ocrx_word' id='word_1_24' title='bbox 1013 704 1198 795; x_wconf 75' lang='lat' dir='ltr'><strong>diligendi</strong></span> 
     </span>
     <span class='ocr_line' id='line_1_5' title="bbox 160 799 1197 889; baseline 0.012 -26"><span class='ocrx_word' id='word_1_25' title='bbox 160 822 284 883; x_wconf 86' lang='lat' dir='ltr'><strong>meque</strong></span> <span class='ocrx_word' id='word_1_26' title='bbox 299 801 480 867; x_wconf 85' lang='lat' dir='ltr'><strong>facturum.</strong></span> <span class='ocrx_word' id='word_1_27' title='bbox 522 800 618 887; x_wconf 70' lang='lat' dir='ltr'><strong>Qum</strong></span> <span class='ocrx_word' id='word_1_28' title='bbox 633 822 653 865; x_wconf 88' lang='lat' dir='ltr'><strong>a</strong></span> <span class='ocrx_word' id='word_1_29' title='bbox 666 822 721 866; x_wconf 84' lang='lat' dir='ltr'><strong>me</strong></span> <span class='ocrx_word' id='word_1_30' title='bbox 736 799 893 889; x_wconf 79' lang='lat' dir='ltr'><strong>suscepta</strong></span> <span class='ocrx_word' id='word_1_31' title='bbox 913 802 1083 875; x_wconf 80' lang='lat' dir='ltr'><strong>defensio</strong></span> <span class='ocrx_word' id='word_1_32' title='bbox 1098 807 1157 883; x_wconf 85' lang='lat' dir='ltr'><strong>cst,</strong></span> <span class='ocrx_word' id='word_1_33' title='bbox 1174 822 1197 875; x_wconf 78' lang='lat' dir='ltr'><strong>tt</strong></span> 
     </span>
     <span class='ocr_line' id='line_1_6' title="bbox 161 900 1198 991; baseline 0.011 -27"><span class='ocrx_word' id='word_1_34' title='bbox 161 900 317 977; x_wconf 79' lang='lat' dir='ltr'><strong>absente,</strong></span> <span class='ocrx_word' id='word_1_35' title='bbox 346 903 519 991; x_wconf 78' lang='lat' dir='ltr'><strong>dignitatis</strong></span> <span class='ocrx_word' id='word_1_36' title='bbox 542 912 637 965; x_wconf 84' lang='lat' dir='ltr'><strong>tuae:</strong></span> <span class='ocrx_word' id='word_1_37' title='bbox 673 907 710 967; x_wconf 90' lang='lat' dir='ltr'><strong>iu</strong></span> <span class='ocrx_word' id='word_1_38' title='bbox 733 923 771 967; x_wconf 88' lang='lat' dir='ltr'><strong>ea</strong></span> <span class='ocrx_word' id='word_1_39' title='bbox 794 908 861 969; x_wconf 89' lang='lat' dir='ltr'><strong>iam</strong></span> <span class='ocrx_word' id='word_1_40' title='bbox 884 924 978 991; x_wconf 77' lang='lat' dir='ltr'><strong>ego,</strong></span> <span class='ocrx_word' id='word_1_41' title='bbox 1011 930 1090 975; x_wconf 89' lang='lat' dir='ltr'><strong>non</strong></span> <span class='ocrx_word' id='word_1_42' title='bbox 1114 909 1198 977; x_wconf 84' lang='lat' dir='ltr'><strong>solun</strong></span> 
     </span>
     <span class='ocr_line' id='line_1_7' title="bbox 162 1000 1198 1089; baseline 0.011 -22"><span class='ocrx_word' id='word_1_43' title='bbox 162 1008 329 1069; x_wconf 77' lang='lat' dir='ltr'><strong>amicitiae</strong></span> <span class='ocrx_word' id='word_1_44' title='bbox 351 1004 502 1077; x_wconf 86' lang='lat' dir='ltr'><strong>nostrae,</strong></span> <span class='ocrx_word' id='word_1_45' title='bbox 535 1000 591 1067; x_wconf 88' lang='lat' dir='ltr'><strong>sed</strong></span> <span class='ocrx_word' id='word_1_46' title='bbox 614 1007 715 1067; x_wconf 86' lang='lat' dir='ltr'><strong>etiam</strong></span> <span class='ocrx_word' id='word_1_47' title='bbox 737 1002 949 1071; x_wconf 76' lang='lat' dir='ltr'><strong>constantiae</strong></span> <span class='ocrx_word' id='word_1_48' title='bbox 972 1030 1081 1075; x_wconf 81' lang='lat' dir='ltr'><strong>meac</strong></span> <span class='ocrx_word' id='word_1_49' title='bbox 1107 1010 1198 1089; x_wconf 73' lang='lat' dir='ltr'><strong>musa,</strong></span> 
     </span>
     <span class='ocr_line' id='line_1_8' title="bbox 158 1102 1198 1199; baseline 0.013 -33"><span class='ocrx_word' id='word_1_50' title='bbox 158 1108 380 1191; x_wconf 76' lang='lat' dir='ltr'><strong>permanebo.</strong></span> <span class='ocrx_word' id='word_1_51' title='bbox 423 1106 534 1195; x_wconf 78' lang='lat' dir='ltr'><strong>Quam</strong></span> <span class='ocrx_word' id='word_1_52' title='bbox 549 1106 680 1169; x_wconf 83' lang='lat' dir='ltr'><strong>obrem</strong></span> <span class='ocrx_word' id='word_1_53' title='bbox 700 1102 779 1173; x_wconf 84' lang='lat' dir='ltr'><strong>tatis</strong></span> <span class='ocrx_word' id='word_1_54' title='bbox 799 1102 864 1169; x_wconf 83' lang='lat' dir='ltr'><strong>essu</strong></span> <span class='ocrx_word' id='word_1_55' title='bbox 886 1103 959 1173; x_wconf 87' lang='lat' dir='ltr'><strong>hoc</strong></span> <span class='ocrx_word' id='word_1_56' title='bbox 979 1122 1148 1199; x_wconf 82' lang='lat' dir='ltr'><strong>tempore</strong></span> <span class='ocrx_word' id='word_1_57' title='bbox 1166 1134 1198 1179; x_wconf 79' lang='lat' dir='ltr'><strong>ar</strong></span> 
     </span>
     <span class='ocr_line' id='line_1_9' title="bbox 163 1203 1197 1301; baseline 0.012 -32"><span class='ocrx_word' id='word_1_58' title='bbox 163 1206 306 1270; x_wconf 83' lang='lat' dir='ltr'><strong>bitratus</strong></span> <span class='ocrx_word' id='word_1_59' title='bbox 329 1204 417 1278; x_wconf 91' lang='lat' dir='ltr'><strong>sum,</strong></span> <span class='ocrx_word' id='word_1_60' title='bbox 438 1204 503 1269; x_wconf 85' lang='lat' dir='ltr'><strong>hoc</strong></span> <span class='ocrx_word' id='word_1_61' title='bbox 525 1205 566 1269; x_wconf 82' lang='lat' dir='ltr'><strong>ars</strong></span> <span class='ocrx_word' id='word_1_62' title='bbox 590 1217 625 1268; x_wconf 89' lang='lat' dir='ltr'><strong>te</strong></span> <span class='ocrx_word' id='word_1_63' title='bbox 649 1203 810 1275; x_wconf 83' lang='lat' dir='ltr'><strong>scribere:</strong></span> <span class='ocrx_word' id='word_1_64' title='bbox 832 1228 907 1281; x_wconf 84' lang='lat' dir='ltr'><strong>tue,</strong></span> <span class='ocrx_word' id='word_1_65' title='bbox 929 1207 1067 1294; x_wconf 86' lang='lat' dir='ltr'><strong>siquid</strong></span> <span class='ocrx_word' id='word_1_66' title='bbox 1088 1214 1197 1301; x_wconf 73' lang='lat' dir='ltr'><strong>ipsein</strong></span> 
     </span>
     <span class='ocr_line' id='line_1_10' title="bbox 163 1304 1197 1393; baseline 0.012 -24"><span class='ocrx_word' id='word_1_67' title='bbox 163 1305 372 1393; x_wconf 78' lang='lat' dir='ltr'><strong>telligerem,</strong></span> <span class='ocrx_word' id='word_1_68' title='bbox 408 1317 465 1369; x_wconf 92' lang='lat' dir='ltr'><strong>aut</strong></span> <span class='ocrx_word' id='word_1_69' title='bbox 489 1305 529 1369; x_wconf 88' lang='lat' dir='ltr'><strong>ad</strong></span> <span class='ocrx_word' id='word_1_70' title='bbox 553 1304 778 1379; x_wconf 83' lang='lat' dir='ltr'><strong>voluntatem,</strong></span> <span class='ocrx_word' id='word_1_71' title='bbox 811 1308 937 1373; x_wconf 86' lang='lat' dir='ltr'><strong>autad</strong></span> <span class='ocrx_word' id='word_1_72' title='bbox 960 1317 1197 1391; x_wconf 85' lang='lat' dir='ltr'><strong>commodum,</strong></span> 
     </span>
     <span class='ocr_line' id='line_1_11' title="bbox 162 1405 1197 1502; baseline 0.013 -32"><span class='ocrx_word' id='word_1_73' title='bbox 162 1420 221 1473; x_wconf 84' lang='lat' dir='ltr'><strong>aut</strong></span> <span class='ocrx_word' id='word_1_74' title='bbox 244 1406 285 1469; x_wconf 83' lang='lat' dir='ltr'><strong>ad</strong></span> <span class='ocrx_word' id='word_1_75' title='bbox 306 1405 562 1492; x_wconf 85' lang='lat' dir='ltr'><strong>amplitudinem</strong></span> <span class='ocrx_word' id='word_1_76' title='bbox 584 1419 677 1475; x_wconf 82' lang='lat' dir='ltr'><strong>tuam</strong></span> <span class='ocrx_word' id='word_1_77' title='bbox 700 1413 887 1495; x_wconf 75' lang='lat' dir='ltr'><strong>periinere,</strong></span> <span class='ocrx_word' id='word_1_78' title='bbox 923 1432 1021 1479; x_wconf 80' lang='lat' dir='ltr'><strong>ruem</strong></span> <span class='ocrx_word' id='word_1_79' title='bbox 1037 1413 1157 1502; x_wconf 84' lang='lat' dir='ltr'><strong>sponte</strong></span> <span class='ocrx_word' id='word_1_80' title='bbox 1173 1418 1197 1485; x_wconf 87' lang='lat' dir='ltr'><strong>id</strong></span> 
     </span>
     <span class='ocr_line' id='line_1_12' title="bbox 163 1505 1197 1595; baseline 0.011 -24"><span class='ocrx_word' id='word_1_81' title='bbox 163 1506 230 1571; x_wconf 81' lang='lat' dir='ltr'><strong>esse</strong></span> <span class='ocrx_word' id='word_1_82' title='bbox 251 1507 440 1589; x_wconf 81' lang='lat' dir='ltr'><strong>iacturun13</strong></span> <span class='ocrx_word' id='word_1_83' title='bbox 468 1505 512 1571; x_wconf 90' lang='lat' dir='ltr'><strong>sm</strong></span> <span class='ocrx_word' id='word_1_84' title='bbox 528 1520 638 1571; x_wconf 87' lang='lat' dir='ltr'><strong>autom</strong></span> <span class='ocrx_word' id='word_1_85' title='bbox 661 1513 830 1595; x_wconf 82' lang='lat' dir='ltr'><strong>quippiam</strong></span> <span class='ocrx_word' id='word_1_86' title='bbox 845 1523 905 1579; x_wconf 81' lang='lat' dir='ltr'><strong>aut</strong></span> <span class='ocrx_word' id='word_1_87' title='bbox 928 1532 949 1583; x_wconf 80' lang='lat' dir='ltr'><strong>a</strong></span> <span class='ocrx_word' id='word_1_88' title='bbox 972 1525 1015 1579; x_wconf 86' lang='lat' dir='ltr'><strong>te</strong></span> <span class='ocrx_word' id='word_1_89' title='bbox 1036 1516 1142 1583; x_wconf 84' lang='lat' dir='ltr'><strong>essem</strong></span> <span class='ocrx_word' id='word_1_90' title='bbox 1160 1521 1197 1585; x_wconf 83' lang='lat' dir='ltr'><strong>ad</strong></span> 
     </span>
     <span class='ocr_line' id='line_1_13' title="bbox 160 1606 1199 1699; baseline 0.008 -24"><span class='ocrx_word' id='word_1_91' title='bbox 160 1612 333 1684; x_wconf 76' lang='lat' dir='ltr'><strong>monitus,</strong></span> <span class='ocrx_word' id='word_1_92' title='bbox 355 1622 412 1673; x_wconf 88' lang='lat' dir='ltr'><strong>aut</strong></span> <span class='ocrx_word' id='word_1_93' title='bbox 426 1630 444 1674; x_wconf 87' lang='lat' dir='ltr'><strong>a</strong></span> <span class='ocrx_word' id='word_1_94' title='bbox 459 1606 544 1684; x_wconf 72' lang='lat' dir='ltr'><strong>tuis,</strong></span> <span class='ocrx_word' id='word_1_95' title='bbox 566 1612 787 1689; x_wconf 81' lang='lat' dir='ltr'><strong>effecturum,</strong></span> <span class='ocrx_word' id='word_1_96' title='bbox 810 1622 849 1675; x_wconf 93' lang='lat' dir='ltr'><strong>ut</strong></span> <span class='ocrx_word' id='word_1_97' title='bbox 862 1611 1113 1699; x_wconf 82' lang='lat' dir='ltr'><strong>intelligeres,</strong></span> <span class='ocrx_word' id='word_1_98' title='bbox 1134 1619 1199 1686; x_wconf 89' lang='lat' dir='ltr'><strong>nibil</strong></span> 
     </span>
     <span class='ocr_line' id='line_1_14' title="bbox 162 1710 1200 1803; baseline 0.009 -25"><span class='ocrx_word' id='word_1_99' title='bbox 162 1734 274 1803; x_wconf 84' lang='lat' dir='ltr'><strong>neque</strong></span> <span class='ocrx_word' id='word_1_100' title='bbox 296 1726 331 1778; x_wconf 85' lang='lat' dir='ltr'><strong>te</strong></span> <span class='ocrx_word' id='word_1_101' title='bbox 355 1710 532 1798; x_wconf 79' lang='lat' dir='ltr'><strong>scripsisse,</strong></span> <span class='ocrx_word' id='word_1_102' title='bbox 555 1736 664 1797; x_wconf 87' lang='lat' dir='ltr'><strong>nequa</strong></span> <span class='ocrx_word' id='word_1_103' title='bbox 687 1733 888 1797; x_wconf 85' lang='lat' dir='ltr'><strong>quemquam</strong></span> <span class='ocrx_word' id='word_1_104' title='bbox 914 1725 1070 1783; x_wconf 81' lang='lat' dir='ltr'><strong>tuorum</strong></span> <span class='ocrx_word' id='word_1_105' title='bbox 1094 1722 1200 1787; x_wconf 82' lang='lat' dir='ltr'><strong>frustra</strong></span> 
     </span>
     <span class='ocr_line' id='line_1_15' title="bbox 163 1813 1199 1907; baseline 0 -26"><span class='ocrx_word' id='word_1_106' title='bbox 163 1814 205 1881; x_wconf 82' lang='lat' dir='ltr'><strong>ad</strong></span> <span class='ocrx_word' id='word_1_107' title='bbox 229 1838 283 1881; x_wconf 88' lang='lat' dir='ltr'><strong>me</strong></span> <span class='ocrx_word' id='word_1_108' title='bbox 304 1813 465 1881; x_wconf 82' lang='lat' dir='ltr'><strong>detulisse.</strong></span> <span class='ocrx_word' id='word_1_109' title='bbox 510 1814 742 1903; x_wconf 77' lang='lat' dir='ltr'><strong>Quamobrem</strong></span> <span class='ocrx_word' id='word_1_110' title='bbox 764 1813 865 1881; x_wconf 85' lang='lat' dir='ltr'><strong>velim</strong></span> <span class='ocrx_word' id='word_1_111' title='bbox 884 1819 992 1885; x_wconf 78' lang='lat' dir='ltr'><strong>itaet</strong></span> <span class='ocrx_word' id='word_1_112' title='bbox 1015 1818 1092 1907; x_wconf 84' lang='lat' dir='ltr'><strong>ipse</strong></span> <span class='ocrx_word' id='word_1_113' title='bbox 1105 1824 1199 1895; x_wconf 71' lang='lat' dir='ltr'><strong>adme</strong></span> 
     </span>
     <span class='ocr_line' id='line_1_16' title="bbox 161 1914 1199 1993; baseline 0.008 -11"><span class='ocrx_word' id='word_1_114' title='bbox 161 1914 287 1985; x_wconf 85' lang='lat' dir='ltr'><strong>scribas</strong></span> <span class='ocrx_word' id='word_1_115' title='bbox 310 1916 353 1981; x_wconf 86' lang='lat' dir='ltr'><strong>da</strong></span> <span class='ocrx_word' id='word_1_116' title='bbox 378 1918 535 1983; x_wconf 80' lang='lat' dir='ltr'><strong>omnibns</strong></span> <span class='ocrx_word' id='word_1_117' title='bbox 557 1921 724 1989; x_wconf 86' lang='lat' dir='ltr'><strong>minimis,</strong></span> <span class='ocrx_word' id='word_1_118' title='bbox 748 1919 926 1989; x_wconf 82' lang='lat' dir='ltr'><strong>maximis,</strong></span> <span class='ocrx_word' id='word_1_119' title='bbox 953 1920 1199 1993; x_wconf 73' lang='lat' dir='ltr'><strong>mediocribus</strong></span> 
     </span>
     <span class='ocr_line' id='line_1_17' title="bbox 161 2014 1199 2115; baseline 0.009 -32"><span class='ocrx_word' id='word_1_120' title='bbox 161 2040 229 2104; x_wconf 86' lang='lat' dir='ltr'><strong>que</strong></span> <span class='ocrx_word' id='word_1_121' title='bbox 245 2021 366 2096; x_wconf 84' lang='lat' dir='ltr'><strong>rebus,</strong></span> <span class='ocrx_word' id='word_1_122' title='bbox 387 2030 425 2082; x_wconf 88' lang='lat' dir='ltr'><strong>ut</strong></span> <span class='ocrx_word' id='word_1_123' title='bbox 440 2017 482 2081; x_wconf 90' lang='lat' dir='ltr'><strong>ad</strong></span> <span class='ocrx_word' id='word_1_124' title='bbox 504 2014 677 2080; x_wconf 88' lang='lat' dir='ltr'><strong>homiuem</strong></span> <span class='ocrx_word' id='word_1_125' title='bbox 693 2014 942 2083; x_wconf 84' lang='lat' dir='ltr'><strong>amicissimum:</strong></span> <span class='ocrx_word' id='word_1_126' title='bbox 966 2030 1008 2087; x_wconf 90' lang='lat' dir='ltr'><strong>et</strong></span> <span class='ocrx_word' id='word_1_127' title='bbox 1032 2030 1110 2091; x_wconf 82' lang='lat' dir='ltr'><strong>tuis</strong></span> <span class='ocrx_word' id='word_1_128' title='bbox 1124 2046 1199 2115; x_wconf 74' lang='lat' dir='ltr'><strong>prat</strong></span> 
     </span>
     <span class='ocr_line' id='line_1_18' title="bbox 159 2117 1198 2208; baseline 0.008 -25"><span class='ocrx_word' id='word_1_129' title='bbox 159 2126 287 2207; x_wconf 66' lang='lat' dir='ltr'><strong>cipum,</strong></span> <span class='ocrx_word' id='word_1_130' title='bbox 311 2134 347 2186; x_wconf 88' lang='lat' dir='ltr'><strong>ut</strong></span> <span class='ocrx_word' id='word_1_131' title='bbox 369 2142 493 2208; x_wconf 84' lang='lat' dir='ltr'><strong>opera,</strong></span> <span class='ocrx_word' id='word_1_132' title='bbox 514 2117 666 2192; x_wconf 75' lang='lat' dir='ltr'><strong>consilio,</strong></span> <span class='ocrx_word' id='word_1_133' title='bbox 689 2124 907 2191; x_wconf 83' lang='lat' dir='ltr'><strong>auctoritate,</strong></span> <span class='ocrx_word' id='word_1_134' title='bbox 932 2128 1056 2207; x_wconf 84' lang='lat' dir='ltr'><strong>gratia</strong></span> <span class='ocrx_word' id='word_1_135' title='bbox 1074 2149 1151 2193; x_wconf 85' lang='lat' dir='ltr'><strong>mea</strong></span> <span class='ocrx_word' id='word_1_136' title='bbox 1167 2124 1198 2193; x_wconf 81' lang='lat' dir='ltr'><strong>sc</strong></span> 
     </span>
     <span class='ocr_line' id='line_1_19' title="bbox 159 2219 1198 2307; baseline 0.008 -21"><span class='ocrx_word' id='word_1_137' title='bbox 159 2233 299 2287; x_wconf 81' lang='lat' dir='ltr'><strong>utantur</strong></span> <span class='ocrx_word' id='word_1_138' title='bbox 325 2228 358 2291; x_wconf 85' lang='lat' dir='ltr'><strong>iu</strong></span> <span class='ocrx_word' id='word_1_139' title='bbox 386 2224 562 2293; x_wconf 87' lang='lat' dir='ltr'><strong>omnibus,</strong></span> <span class='ocrx_word' id='word_1_140' title='bbox 596 2219 759 2307; x_wconf 86' lang='lat' dir='ltr'><strong>publicis,</strong></span> <span class='ocrx_word' id='word_1_141' title='bbox 795 2223 956 2307; x_wconf 84' lang='lat' dir='ltr'><strong>privatis,</strong></span> <span class='ocrx_word' id='word_1_142' title='bbox 996 2222 1198 2302; x_wconf 83' lang='lat' dir='ltr'><strong>forcufibus,</strong></span> 
     </span>
     <span class='ocr_line' id='line_1_20' title="bbox 160 2318 1199 2407; baseline 0.012 -22"><span class='ocrx_word' id='word_1_143' title='bbox 160 2320 373 2397; x_wconf 83' lang='lat' dir='ltr'><strong>domesticis,</strong></span> <span class='ocrx_word' id='word_1_144' title='bbox 395 2330 484 2396; x_wconf 85' lang='lat' dir='ltr'><strong>tuis,</strong></span> <span class='ocrx_word' id='word_1_145' title='bbox 504 2327 707 2392; x_wconf 90' lang='lat' dir='ltr'><strong>amicorum,</strong></span> <span class='ocrx_word' id='word_1_146' title='bbox 729 2318 914 2407; x_wconf 76' lang='lat' dir='ltr'><strong>hospitum,</strong></span> <span class='ocrx_word' id='word_1_147' title='bbox 938 2321 1120 2395; x_wconf 85' lang='lat' dir='ltr'><strong>clientum</strong></span> <span class='ocrx_word' id='word_1_148' title='bbox 1140 2349 1199 2397; x_wconf 77' lang='lat' dir='ltr'><strong>tuo</strong></span> 
     </span>
     <span class='ocr_line' id='line_1_21' title="bbox 157 2419 1199 2513; baseline -0.001 -23"><span class='ocrx_word' id='word_1_149' title='bbox 157 2446 237 2491; x_wconf 82' lang='lat' dir='ltr'><strong>rum</strong></span> <span class='ocrx_word' id='word_1_150' title='bbox 261 2431 426 2512; x_wconf 84' lang='lat' dir='ltr'><strong>negotiis3</strong></span> <span class='ocrx_word' id='word_1_151' title='bbox 453 2437 508 2497; x_wconf 90' lang='lat' dir='ltr'><strong>ut,</strong></span> <span class='ocrx_word' id='word_1_152' title='bbox 530 2421 641 2507; x_wconf 87' lang='lat' dir='ltr'><strong>quoad</strong></span> <span class='ocrx_word' id='word_1_153' title='bbox 663 2427 734 2486; x_wconf 83' lang='lat' dir='ltr'><strong>eius</strong></span> <span class='ocrx_word' id='word_1_154' title='bbox 759 2419 830 2487; x_wconf 84' lang='lat' dir='ltr'><strong>fieri</strong></span> <span class='ocrx_word' id='word_1_155' title='bbox 851 2420 969 2509; x_wconf 79' lang='lat' dir='ltr'><strong>possit,</strong></span> <span class='ocrx_word' id='word_1_156' title='bbox 992 2431 1199 2513; x_wconf 74' lang='lat' dir='ltr'><strong>praesentiae</strong></span> 
     </span>
     <span class='ocr_line' id='line_1_22' title="bbox 60 2522 1029 2597; baseline -0.001 -7"><span class='ocrx_word' id='word_1_157' title='bbox 60 2566 63 2571; x_wconf 94' lang='lat'><em>·</em></span> <span class='ocrx_word' id='word_1_158' title='bbox 159 2538 239 2593; x_wconf 85' lang='lat' dir='ltr'><strong>tuae</strong></span> <span class='ocrx_word' id='word_1_159' title='bbox 256 2523 455 2596; x_wconf 81' lang='lat' dir='ltr'><strong>desiderium</strong></span> <span class='ocrx_word' id='word_1_160' title='bbox 470 2545 547 2589; x_wconf 88' lang='lat' dir='ltr'><strong>meo</strong></span> <span class='ocrx_word' id='word_1_161' title='bbox 561 2522 679 2595; x_wconf 87' lang='lat' dir='ltr'><strong>labore</strong></span> <span class='ocrx_word' id='word_1_162' title='bbox 699 2528 879 2594; x_wconf 82' lang='lat' dir='ltr'><strong>minuatur.</strong></span> <span class='ocrx_word' id='word_1_163' title='bbox 925 2524 1029 2597; x_wconf 85' lang='lat' dir='ltr'><strong>Vale,</strong></span> 
     </span>
    </p>
   </div>
   <div class='ocr_carea' id='block_1_4' title="bbox 211 2713 1162 2968">
    <p class='ocr_par' dir='ltr' id='par_1_4' title="bbox 211 2713 1162 2968">
     <span class='ocr_line' id='line_1_23' title="bbox 211 2713 1162 2818; baseline 0.016 -32"><span class='ocrx_word' id='word_1_164' title='bbox 211 2718 494 2793; x_wconf 80' lang='lat' dir='ltr'><strong>EPISTOLA</strong></span> <span class='ocrx_word' id='word_1_165' title='bbox 523 2719 720 2795; x_wconf 84' lang='lat' dir='ltr'><strong>CXXXII.</strong></span> <span class='ocrx_word' id='word_1_166' title='bbox 745 2713 875 2814; x_wconf 83' lang='lat' dir='ltr'><strong>(ado</strong></span> <span class='ocrx_word' id='word_1_167' title='bbox 896 2715 1053 2795; x_wconf 65' lang='lat' dir='ltr'><strong>Fuit.</strong></span> <span class='ocrx_word' id='word_1_168' title='bbox 1086 2729 1162 2818; x_wconf 82' lang='lat'><strong>12.)</strong></span> 
     </span>
     <span class='ocr_line' id='line_1_24' title="bbox 354 2881 1014 2968; baseline 0.008 -24"><span class='ocrx_word' id='word_1_169' title='bbox 354 2886 416 2944; x_wconf 86' lang='lat' dir='ltr'><strong>Ser.</strong></span> <span class='ocrx_word' id='word_1_170' title='bbox 434 2882 556 2947; x_wconf 76' lang='lat' dir='ltr'><strong>Romae</strong></span> <span class='ocrx_word' id='word_1_171' title='bbox 570 2881 671 2951; x_wconf 79' lang='lat' dir='ltr'><strong>idibur</strong></span> <span class='ocrx_word' id='word_1_172' title='bbox 682 2882 772 2950; x_wconf 76' lang='lat' dir='ltr'><strong>Febr.</strong></span> <span class='ocrx_word' id='word_1_173' title='bbox 786 2882 872 2946; x_wconf 69' lang='lat' dir='ltr'><strong>Ml·</strong></span> <span class='ocrx_word' id='word_1_174' title='bbox 887 2884 921 2943; x_wconf 86' lang='lat' dir='ltr'><strong>C·</strong></span> <span class='ocrx_word' id='word_1_175' title='bbox 936 2884 1014 2968; x_wconf 85' lang='lat'><strong>699.</strong></span> 
     </span>
    </p>
   </div>
   <div class='ocr_carea' id='block_1_5' title="bbox 157 3029 1198 3217">
    <p class='ocr_par' dir='ltr' id='par_1_5' title="bbox 157 3029 1198 3217">
     <span class='ocr_line' id='line_1_25' title="bbox 162 3029 1198 3123; baseline 0.009 -31"><span class='ocrx_word' id='word_1_176' title='bbox 162 3030 213 3094; x_wconf 81' lang='lat' dir='ltr'><strong>De</strong></span> <span class='ocrx_word' id='word_1_177' title='bbox 233 3030 429 3118; x_wconf 69' lang='lat' dir='ltr'><strong>Commageni</strong></span> <span class='ocrx_word' id='word_1_178' title='bbox 453 3040 534 3114; x_wconf 77' lang='lat' dir='ltr'><strong>regis</strong></span> <span class='ocrx_word' id='word_1_179' title='bbox 555 3036 639 3110; x_wconf 74' lang='lat' dir='ltr'><strong>carafa</strong></span> <span class='ocrx_word' id='word_1_180' title='bbox 653 3058 670 3092; x_wconf 84' lang='lat' dir='ltr'><strong>a</strong></span> <span class='ocrx_word' id='word_1_181' title='bbox 688 3029 876 3109; x_wconf 75' lang='lat' dir='ltr'><strong>Cicer-cuein</strong></span> <span class='ocrx_word' id='word_1_182' title='bbox 889 3033 999 3109; x_wconf 78' lang='lat' dir='ltr'><strong>senatu</strong></span> <span class='ocrx_word' id='word_1_183' title='bbox 1017 3043 1153 3123; x_wconf 82' lang='lat' dir='ltr'><strong>discuffa</strong></span> <span class='ocrx_word' id='word_1_184' title='bbox 1175 3066 1198 3107; x_wconf 86' lang='lat' dir='ltr'><strong>t.</strong></span> 
     </span>
     <span class='ocr_line' id='line_1_26' title="bbox 157 3137 729 3217; baseline 0.01 -21"><span class='ocrx_word' id='word_1_185' title='bbox 157 3168 160 3176; x_wconf 95' lang='lat'>·</span> <span class='ocrx_word' id='word_1_186' title='bbox 202 3139 240 3197; x_wconf 80' lang='lat' dir='ltr'><strong>de</strong></span> <span class='ocrx_word' id='word_1_187' title='bbox 261 3141 356 3197; x_wconf 79' lang='lat' dir='ltr'><strong>literis</strong></span> <span class='ocrx_word' id='word_1_188' title='bbox 373 3163 392 3199; x_wconf 85' lang='lat' dir='ltr'><strong><em>a</em></strong></span> <span class='ocrx_word' id='word_1_189' title='bbox 410 3137 535 3217; x_wconf 77' lang='lat' dir='ltr'><strong>Caesare</strong></span> <span class='ocrx_word' id='word_1_190' title='bbox 550 3139 677 3215; x_wconf 77' lang='lat' dir='ltr'><strong>acceptis</strong></span> <span class='ocrx_word' id='word_1_191' title='bbox 699 3158 729 3201; x_wconf 77' lang='lat'><strong>2·</strong></span> 
     </span>
    </p>
   </div>
   <div class='ocr_carea' id='block_1_6' title="bbox 352 3313 995 3408">
    <p class='ocr_par' dir='ltr' id='par_1_6' title="bbox 352 3313 995 3408">
     <span class='ocr_line' id='line_1_27' title="bbox 352 3313 995 3408; baseline -0.009 -20"><span class='ocrx_word' id='word_1_192' title='bbox 352 3318 587 3388; x_wconf 70' lang='lat' dir='ltr'><strong>truncus</strong></span> <span class='ocrx_word' id='word_1_193' title='bbox 619 3317 661 3408; x_wconf 82' lang='lat' dir='ltr'><strong>Q.</strong></span> <span class='ocrx_word' id='word_1_194' title='bbox 689 3313 920 3392; x_wconf 73' lang='lat' dir='ltr'><strong>suarm,</strong></span> <span class='ocrx_word' id='word_1_195' title='bbox 956 3317 995 3385; x_wconf 87' lang='lat' dir='ltr'><strong>S.</strong></span> 
     </span>
    </p>
   </div>
   <div class='ocr_carea' id='block_1_7' title="bbox 262 3457 1200 3550">
    <p class='ocr_par' dir='ltr' id='par_1_7' title="bbox 262 3457 1200 3550">
     <span class='ocr_line' id='line_1_28' title="bbox 262 3457 1200 3550; baseline -0.005 -12"><span class='ocrx_word' id='word_1_196' title='bbox 262 3473 403 3547; x_wconf 83' lang='lat' dir='ltr'><strong>Gaudeo</strong></span> <span class='ocrx_word' id='word_1_197' title='bbox 422 3477 487 3539; x_wconf 87' lang='lat' dir='ltr'><strong>tibi</strong></span> <span class='ocrx_word' id='word_1_198' title='bbox 507 3472 672 3541; x_wconf 86' lang='lat' dir='ltr'><strong>iucundas</strong></span> <span class='ocrx_word' id='word_1_199' title='bbox 698 3468 762 3539; x_wconf 83' lang='lat' dir='ltr'><strong>esse</strong></span> <span class='ocrx_word' id='word_1_200' title='bbox 786 3490 878 3535; x_wconf 84' lang='lat' dir='ltr'><strong>meas</strong></span> <span class='ocrx_word' id='word_1_201' title='bbox 900 3457 1041 3546; x_wconf 54' lang='lat' dir='ltr'><strong>literam</strong></span> <span class='ocrx_word' id='word_1_202' title='bbox 1066 3502 1136 3548; x_wconf 84' lang='lat' dir='ltr'><strong>nec</strong></span> <span class='ocrx_word' id='word_1_203' title='bbox 1159 3497 1200 3550; x_wconf 60' lang='lat' dir='ltr'><strong>ta.</strong></span> 
     </span>
    </p>
   </div>
   <div class='ocr_carea' id='block_1_8' title="bbox 151 3732 1201 4158">
    <p class='ocr_par' dir='ltr' id='par_1_8' title="bbox 151 3732 1201 4076">
     <span class='ocr_line' id='line_1_29' title="bbox 197 3732 1201 3831; baseline 0.019 -37"><span class='ocrx_word' id='word_1_204' title='bbox 197 3748 227 3811; x_wconf 81' lang='lat'><strong>3,</strong></span> <span class='ocrx_word' id='word_1_205' title='bbox 248 3741 527 3817; x_wconf 76' lang='lat' dir='ltr'><strong>diligsuiiffimaque</strong></span> <span class='ocrx_word' id='word_1_206' title='bbox 542 3737 642 3817; x_wconf 77' lang='lat' dir='ltr'><strong>faciu-</strong></span> <span class='ocrx_word' id='word_1_207' title='bbox 700 3732 817 3819; x_wconf 77' lang='lat' dir='ltr'><strong>tulisse]</strong></span> <span class='ocrx_word' id='word_1_208' title='bbox 843 3733 1061 3817; x_wconf 74' lang='lat' dir='ltr'><strong>concinnior,</strong></span> <span class='ocrx_word' id='word_1_209' title='bbox 1087 3764 1122 3811; x_wconf 87' lang='lat' dir='ltr'><strong>ttt</strong></span> <span class='ocrx_word' id='word_1_210' title='bbox 1136 3754 1201 3831; x_wconf 80' lang='lat' dir='ltr'><strong>opl-</strong></span> 
     </span>
     <span class='ocr_line' id='line_1_30' title="bbox 152 3819 1200 3908; baseline 0.015 -28"><span class='ocrx_word' id='word_1_211' title='bbox 152 3822 241 3907; x_wconf 82' lang='lat' dir='ltr'><strong>rum]</strong></span> <span class='ocrx_word' id='word_1_212' title='bbox 264 3826 366 3908; x_wconf 84' lang='lat' dir='ltr'><strong>Vulgo</strong></span> <span class='ocrx_word' id='word_1_213' title='bbox 382 3824 565 3887; x_wconf 83' lang='lat' dir='ltr'><strong>inculcatum</strong></span> <span class='ocrx_word' id='word_1_214' title='bbox 586 3828 645 3902; x_wconf 73' lang='lat' dir='ltr'><strong>effe</strong></span> <span class='ocrx_word' id='word_1_215' title='bbox 699 3842 779 3894; x_wconf 79' lang='lat' dir='ltr'><strong>nor,</strong></span> <span class='ocrx_word' id='word_1_216' title='bbox 800 3819 882 3881; x_wconf 79' lang='lat' dir='ltr'><strong>ordo</strong></span> <span class='ocrx_word' id='word_1_217' title='bbox 908 3821 1085 3890; x_wconf 66' lang='lat' dir='ltr'><strong>verborum</strong></span> <span class='ocrx_word' id='word_1_218' title='bbox 1110 3836 1200 3901; x_wconf 83' lang='lat' dir='ltr'><strong>sorel:</strong></span> 
     </span>
     <span class='ocr_line' id='line_1_31' title="bbox 153 3906 1200 3993; baseline 0.015 -27"><span class='ocrx_word' id='word_1_219' title='bbox 153 3923 225 3967; x_wconf 78' lang='lat' dir='ltr'><strong>ante</strong></span> <span class='ocrx_word' id='word_1_220' title='bbox 245 3906 403 3977; x_wconf 80' lang='lat' dir='ltr'><strong>sucurram</strong></span> <span class='ocrx_word' id='word_1_221' title='bbox 434 3916 500 3969; x_wconf 84' lang='lat' dir='ltr'><strong>iure</strong></span> <span class='ocrx_word' id='word_1_222' title='bbox 530 3911 644 3974; x_wconf 80' lang='lat' dir='ltr'><strong>delevit</strong></span> <span class='ocrx_word' id='word_1_223' title='bbox 700 3909 773 3967; x_wconf 78' lang='lat' dir='ltr'><strong>nitu</strong></span> <span class='ocrx_word' id='word_1_224' title='bbox 803 3924 895 3982; x_wconf 82' lang='lat' dir='ltr'><strong>neque</strong></span> <span class='ocrx_word' id='word_1_225' title='bbox 918 3915 946 3959; x_wconf 82' lang='lat' dir='ltr'><strong>tc</strong></span> <span class='ocrx_word' id='word_1_226' title='bbox 961 3907 1119 3992; x_wconf 61' lang='lat' dir='ltr'><strong>scripsisti</strong></span> <span class='ocrx_word' id='word_1_227' title='bbox 1133 3922 1200 3993; x_wconf 82' lang='lat' dir='ltr'><strong>fru-</strong></span> 
     </span>
     <span class='ocr_line' id='line_1_32' title="bbox 151 3992 1200 4076; baseline 0.018 -25"><span class='ocrx_word' id='word_1_228' title='bbox 151 3992 315 4057; x_wconf 78' lang='lat' dir='ltr'><strong>Erncl&#39;tius.</strong></span> <span class='ocrx_word' id='word_1_229' title='bbox 691 3999 758 4074; x_wconf 79' lang='lat' dir='ltr'><strong>stra</strong></span> <span class='ocrx_word' id='word_1_230' title='bbox 771 4013 865 4071; x_wconf 82' lang='lat' dir='ltr'><strong>neque</strong></span> <span class='ocrx_word' id='word_1_231' title='bbox 879 4009 1068 4076; x_wconf 78' lang='lat' dir='ltr'><strong>qrreruquam</strong></span> <span class='ocrx_word' id='word_1_232' title='bbox 1083 4017 1200 4069; x_wconf 82' lang='lat' dir='ltr'><strong>tuorum</strong></span> 
     </span>
    </p>

    <p class='ocr_par' dir='ltr' id='par_1_9' title="bbox 194 4075 962 4158">
     <span class='ocr_line' id='line_1_33' title="bbox 194 4075 962 4158; baseline 0.005 -23"><span class='ocrx_word' id='word_1_233' title='bbox 194 4081 268 4137; x_wconf 81' lang='lat' dir='ltr'><strong>ur&#39;stil</strong></span> <span class='ocrx_word' id='word_1_234' title='bbox 284 4077 460 4158; x_wconf 79' lang='lat' dir='ltr'><strong>-frustra</strong></span> <span class='ocrx_word' id='word_1_235' title='bbox 475 4082 516 4137; x_wconf 84' lang='lat' dir='ltr'><strong>ud</strong></span> <span class='ocrx_word' id='word_1_236' title='bbox 530 4102 577 4138; x_wconf 83' lang='lat' dir='ltr'><strong>me</strong></span> <span class='ocrx_word' id='word_1_237' title='bbox 592 4085 642 4140; x_wconf 85' lang='lat' dir='ltr'><strong>de·</strong></span> <span class='ocrx_word' id='word_1_238' title='bbox 698 4088 738 4142; x_wconf 83' lang='lat' dir='ltr'><strong>ad</strong></span> <span class='ocrx_word' id='word_1_239' title='bbox 753 4100 801 4137; x_wconf 76' lang='lat' dir='ltr'><strong>rate</strong></span> <span class='ocrx_word' id='word_1_240' title='bbox 818 4075 962 4151; x_wconf 59' lang='lat' dir='ltr'><strong>detulisti·</strong></span> 
     </span>
    </p>
   </div>
   <div class='ocr_carea' id='block_1_9' title="bbox 0 0 1258 4804">
    <p class='ocr_par' dir='ltr' id='par_1_10' title="bbox 0 0 1258 4804">
     <span class='ocr_line' id='line_1_34' title="bbox 0 0 1258 4804; baseline 0 0"><span class='ocrx_word' id='word_1_241' title='bbox 0 0 1258 4804; x_wconf 95' lang='lat' dir='ltr'><strong> </strong></span> 
     </span>
    </p>
   </div>
  </div>
 </body>
</html>
