2580 4792
168 343 236 411 42„
454 311 736 383 arrsroaa
786 313 918 384 can.

166 511 270 580 mani,
286 516 323 570 et
337 503 485 578 Laterii,
506 515 685 591 praeterea
703 501 745 566 de
759 523 860 587 aqua,
887 515 922 568 et
938 505 1101 575 via'nihil
1126 530 1223 599 prae·

173 603 298 671 termisi
312 606 453 690 quadam
478 604 631 693 epistola,
655 610 736 690 quin
757 602 933 669 enucleate
956 605 1000 671 ad
1024 620 1062 673 te
1078 612 1221 698 perscri-

173 709 304 772 berem.
347 703 418 772 Sed
443 727 499 769 me
525 705 583 769 illa
607 727 689 770 cura
717 703 889 777 sollicitat,
924 713 1093 794 angitque
1121 711 1221 777 vehe-

175 822 329 882 menter,
356 807 446 892 quod
469 808 602 872 dierum
624 812 692 872 iam
713 806 854 895 amplius
876 805 905 869 L
926 809 1115 876 intervallo
1132 811 1219 886 nihil

178 892 267 984 ate,
289 907 375 973 nihil
397 927 415 971 a
437 905 595 982 Caesare,
623 904 708 972 nihil
729 928 772 970 ex
794 905 861 971 istis
884 907 988 984 locis,
1011 933 1087 976 non
1111 916 1218 982 modo

175 1013 368 1085 literarum,
391 1007 444 1074 sed
460 1030 503 1073 ne
517 1015 665 1074 rumoris
681 1009 816 1094 quidem
830 1006 973 1073 affluxit.
1018 1010 1084 1076 Me
1103 1026 1218 1080 autem

176 1094 242 1177 iant
267 1124 300 1175 et
324 1131 416 1174 mare
438 1107 543 1184 istuc,
580 1122 614 1174 et
634 1124 726 1175 terra
747 1108 915 1174 sollicitat:
955 1130 1074 1194 neque
1101 1114 1216 1182 desino

103 1247 106 1252 ·
175 1219 236 1298 (ut
261 1211 299 1275 fit
321 1216 358 1277 in
385 1216 521 1293 amore)
553 1232 610 1287 ea,
653 1234 735 1297 quae
756 1214 894 1274 minime
917 1208 1014 1284 volo,
1043 1221 1214 1303 cogitare·

175 1313 290 1402 Quare
312 1332 382 1377 non
400 1311 554 1392 equidem
576 1319 643 1378 iam
664 1327 698 1378 te
716 1332 817 1399 rogo,
838 1323 878 1375 ut
893 1311 935 1374 ad
951 1332 1007 1376 me
1023 1313 1071 1377 de
1094 1328 1152 1391 te,
1175 1318 1215 1397 de

172 1416 277 1479 rebus
287 1410 356 1477 istis
372 1410 507 1485 scribas,
524 1416 731 1498 (numquam
747 1419 845 1486 enim,
867 1433 969 1494 quum
983 1427 1104 1500 potae,
1119 1441 1214 1507 prae·

173 1513 361 1595 termittis)
383 1509 438 1576 sed
463 1509 529 1577 hoc
555 1528 589 1581 te
610 1513 694 1580 scire
715 1511 809 1586 volo,
839 1510 926 1577 nihil
947 1513 1022 1579 iere
1047 1539 1214 1603 umquam

173 1635 228 1676 me
251 1609 292 1675 sic
316 1610 535 1702 exspectasse,
555 1628 610 1691 ut,
632 1636 736 1700 quum
756 1611 837 1678 haec
860 1611 1071 1692 scribebam,
1093 1618 1213 1686 literas

174 1723 260 1777 tuas.

147 1856 167 1899 2
259 1813 359 1881 Nunc
380 1817 545 1906 cognosce
568 1839 622 1893 ea,
645 1840 728 1904 quae
750 1814 824 1883 sunt
844 1823 880 1881 in
894 1819 1098 1907 republica.
1149 1823 1211 1888 Co·

174 1919 351 1983 mitiorum
369 1920 518 2002 quotidie
534 1917 652 2008 singuli
667 1919 740 1985 dies
757 1918 924 1984 tolluntur
942 1925 1211 1997 obnuntiationi-

174 2018 260 2093 bus,
279 2039 400 2105 magna
413 2016 586 2087 voluntate
599 2022 767 2087 bonorum
781 2025 951 2104 omnium3
973 2033 1070 2086 tanta
1082 2009 1209 2090 invidia

121 2131 125 2137 ’
174 2117 249 2186 sunt
266 2119 418 2186 consules
432 2135 575 2211 propter
587 2120 806 2211 suspicionem
819 2134 998 2210 pactorum
1016 2145 1037 2189 a
1051 2126 1208 2191 candida·

172 2226 220 2288 ris
235 2229 475 2315 praemiorum.
502 2222 687 2313 ‚Candidati
712 2222 903 2289 consulares
921 2237 1069 2308 quatuor
1087 2247 1207 2292 omnes

173 2329 235 2408 tei3
274 2322 386 2389 causae
408 2323 483 2390 sunt
504 2321 660 2393 difficiles
668 2345 678 2406 ;
719 2321 776 2389 sed
799 2328 986 2400 enitemur,
1006 2336 1047 2395 ut
1067 2328 1205 2394 Messala

549 2480 817 2498 m*

170 2564 264 2622 paene
291 2546 333 2603 ad
354 2556 474 2628 terrama.
520 2543 585 2607 suan
609 2569 656 2609 rer
753 2545 920 2630 enitemur]
951 2544 1056 2613 studio
1079 2569 1114 2614 et
1136 2575 1215 2634 pre·v

168 2629 312 2712 rusticas]
347 2632 397 2691 Sic
419 2630 582 2694 Lambinus
605 2657 656 2695 ve·
711 2631 814 2708 cibua;
834 2653 900 2692 non
916 2641 1109 2712 patrocinio.
1132 2638 1204 2702 Non

167 2712 253 2796 stigia
277 2716 351 2774 Mar.
376 2715 504 2777 secatur.
548 2720 653 2802 Vulgo
710 2725 791 2776 enim
811 2718 1204 2796 putodesensumaCice·

162 2801 219 2876 feti
233 2809 284 2857 tua
298 2802 339 2856 ad
350 2799 515 2874 perfectam
532 2806 592 2860 sum
607 2825 655 2863 rer
709 2822 789 2863 rone
814 2798 985 2864 Messalam.
1031 2807 1118 2866 Nam
1152 2807 1203 2870 etsi

167 2885 284 2958 rustica.
335 2886 480 2946 Munatio
509 2889 654 2967 placebat
704 2887 1001 2966 inep.adAtt.lV.
1024 2892 1201 2970 16.(l1.ed.

159 2968 217 3044 sed
236 2979 287 3026 tua
307 2971 348 3024 ad
367 2968 542 3046 aeffectum.
586 2969 653 3033 Iam
712 2974 800 3050 149.)
822 2991 917 3051 quum
940 2972 1032 3045 dixit,
1054 2981 1135 3056 quid
1151 3002 1200 3054 po·

164 3072 213 3110 res
227 3053 358 3128 rusticas.
706 3059 801 3127 teris,
831 3058 962 3136 inquies,
984 3079 1043 3132 pro
1067 3064 1106 3120 iis
1125 3069 1200 3124 dice·

203 3143 336 3219 quadam
357 3140 502 3225 epistola]
530 3139 574 3205 est
595 3141 653 3204 hu·
706 3160 762 3208 NJ
784 3162 819 3198 ηε
840 3144 957 3214 vivam,
973 3145 1002 3218 si
1020 3148 1112 3220 scio:
1133 3151 1200 3214 sore

162 3223 424 3302 iuaed.ep.14t{.
706 3226 828 3286 videtur
853 3225 1038 3309 significare,
1087 3250 1125 3292 ut
1150 3259 1201 3298 00.

198 3307 431 3392 existumem]
452 3331 471 3369 e
484 3310 650 3374 Britannia.
705 3329 774 3368 rum
790 3308 891 3370 causas
904 3310 1065 3392 suscipiat3
1082 3334 1199 3390 tantan,

206 3411 235 3452 2.
257 3392 426 3475 tollantur]
448 3395 592 3456 sublatos
609 3398 650 3457 ad
704 3393 757 3465 id,
781 3410 817 3455 ut
837 3391 1022 3469 existimem,
1048 3404 1201 3479 uonalle

161 3494 261 3558 usque
274 3478 354 3557 prid.
363 3479 431 3538 Kal.
444 3481 512 3541 Oct.
530 3480 649 3542 constat
702 3478 819 3539 sactum
842 3479 987 3543 adducor
1008 3487 1047 3543 iis
1075 3490 1179 3551 verbis
1187 3532 1196 3561 ,

161 3582 198 3622 ex
213 3561 313 3642 ep.ad
329 3566 391 3622 Att.
407 3563 460 3626 lV.
473 3569 519 3627 16.
535 3564 580 3645 (h.
596 3567 645 3626 ed.
705 3562 879 3643 quaesunt
909 3567 988 3626 infra
1016 3572 1051 3629 in
1086 3572 1196 3635 ultima

163 3648 255 3725 149.)
297 3641 418 3705 Manat.
704 3644 850 3726 epistola:
872 3645 1033 3725 Messalam
1058 3657 1124 3715 iam
1146 3683 1197 3718 ao·

192 3727 401 3814 suspicionem]
411 3730 645 3792 nondumenim
694 3732 793 3807 strum
831 3737 1019 3812 reliquosque
1058 3746 1197 3820 uiolastia

155 3820 334 3895 pactionem
362 3817 447 3875 iliam
475 3815 643 3883 Memmius
699 3820 813 3876 levatos
847 3821 1035 3879 uehementer
1062 3834 1194 3903 gaudeo.

153 3904 187 3965 iu
200 3897 306 3963 senatu
318 3904 509 3962 recitaverat.
530 3901 570 3958 ad
578 3905 641 3965 Ata.
697 3903 773 3962 Non
788 3910 867 3964 enim
885 3904 990 3966 dasuo
1006 3898 1193 3988 patrocinio

152 3979 206 4043 lv.
226 3994 272 4056 13.
297 3981 386 4063 (bui.
405 3983 455 4043 ed.
478 3989 639 4066 ep.158.)
695 3984 842 4049 tacuisset.
867 3984 990 4053 Manat.
1030 3994 1091 4066 Vix
1115 4000 1193 4063 mihi

149 4058 273 4130 Manat.
306 4124 332 4134 ..
388 4126 392 4133 .
555 4101 592 4161 ,ι
694 4069 759 4137 boc
794 4089 981 4157 argumento
1003 4079 1193 4160 persuadet

45 4254 93 4504 l
