2506 4808
114 299 183 367 530
377 280 665 352 EPISTULA
713 280 889 359 LXXX.

168 468 446 551 EPISTOLA
493 482 644 554 txxx.
695 477 884 571 (adue.
923 483 1128 581 tuse.)-

230 644 316 707 Dete
327 640 514 728 Dyrrhachii
534 647 615 728 prid.
629 646 699 709 Kal.
713 646 792 712 Dee.
806 648 844 713 Α.
858 648 904 712 U.
921 650 958 713 C.
974 652 1052 735 695.

117 796 253 867 Nuntiat
267 800 302 875 se
325 809 385 857 tres
408 805 443 858 ab
458 797 557 858 Attice
580 801 718 876 epistolas
738 786 881 879 aecept'ffe
900 826 994 864 uttam
1015 804 1046 870 d.
1065 804 1138 873 Vlll
1171 846 1174 853 ·

159 902 221 961 kal.
241 897 321 962 Nou.
343 905 445 959 datam
472 924 498 963 1.
539 906 737 961 alterumue
762 926 822 963 neit
842 906 1016 982 adfiripw,
1042 912 1087 969 eut'
1102 910 1137 987 fit
1169 949 1174 957 ·

160 1005 334 1080 respondet,
368 1013 400 1061 ut
423 1023 500 1085 quae
522 1004 553 1060 in
572 1006 641 1082 lege
655 1007 765 1082 salutis
775 1008 849 1081 suae
875 1009 964 1085 eausa
986 1033 1008 1068 a
1032 1004 1141 1071 tribule
1167 1021 1174 1059 t

159 1110 252 1182 plebis
278 1107 472 1181 promulgata
495 1106 654 1181 desideret,
678 1116 821 1181 exponat.
839 1128 870 1169 ι.
913 1114 1043 1173 tertiam
1068 1114 1131 1190 μί
1163 1136 1168 1143 ·

161 1210 203 1268 id.
222 1203 302 1267 Nou.
326 1209 447 1281 datam,
469 1209 549 1267 euius
572 1208 721 1286 occasione
744 1211 854 1269 iterum
866 1212 941 1288 suos
960 1212 1062 1275 Attico
1163 1240 1166 1245 ·

161 1312 293 1371 attendat.
316 1322 349 1385 5.
1112 1394 1115 1401 Ι

1104 1432 1120 1475 ‚t
1160 1460 1163 1465 ,

345 1490 550 1561 CICERO
591 1490 835 1569 ATTICO,
877 1490 921 1562 S.

86 1658 91 1666 ·
114 1660 117 1667 ·
201 1642 248 1709 A.
274 1642 307 1707 d.
330 1666 361 1711 v.
384 1642 450 1709 kal.
470 1644 636 1711 Decemb.
661 1658 733 1713 tres
756 1644 913 1735 epistolas
930 1669 951 1713 a
966 1660 1004 1739 te
1018 1624 1127 1739 accepi:

118 1764 221 1812 unam
237 1746 348 1809 datam
368 1769 397 1812 a.
419 1746 452 1809 d.
468 1764 544 1812 v111
565 1746 632 1812 kal.
647 1746 814 1815 Novemb.
836 1753 874 1813 in
891 1770 961 1835 qua
974 1749 1064 1815 meh

119 1852 185 1921 ris,
201 1860 240 1911 ut
261 1848 341 1911 furti
363 1853 474 1913 animo
489 1847 639 1913 mensem
658 1836 848 1915 Ianuarium
868 1850 1076 1940 exspectem:
1110 1840 1115 1860 ¹

118 1972 202 2035 que,
233 1971 317 2033 quae
334 1949 373 2013 ad
391 1950 480 2036 spem
495 1960 593 2036 putas
608 1956 796 2038 pertinere,
818 1952 863 2015 de
876 1950 1018 2019 Lentuli
1124 1964 1127 1975 '
1166 2010 1174 2015 .

118 2052 162 2115 ‹le
174 2050 305 2117 Metelli
320 2050 372 2116 vol
379 2062 510 2122 nutele,
531 2049 574 2113 de
590 2062 662 2114 tota
675 2050 827 2140 Pompeii
840 2060 996 2131 ratione,
1016 2052 1129 2145 perfeti-

116 2153 185 2217 bis.
229 2152 266 2215 Iu
289 2151 394 2214 altera
409 2149 561 2237 epistola,
583 2156 720 2237 praeter
736 2153 1023 2221 consuetudinem
1038 2166 1130 2229 tuem',

117 2252 208 2318 diem
225 2276 294 2317 non
311 2252 490 2318 adscribis:
513 2251 567 2316 sed
588 2252 664 2318 latis
686 2252 847 2340 fignifieas'
863 2268 1019 2348 tempus.
1112 2262 1115 2273 '

116 2362 208 2421 enim
232 2359 272 2419 ab
296 2368 375 2421 octo
396 2355 542 2417 tribunis
567 2353 676 2441 plebis
700 2356 931 2445 promulgata,
953 2371 991 2423 te
1006 2380 1059 2425 eas
1073 2356 1130 2423 lite·

116 2478 172 2524 tas
194 2480 232 2521 eo
254 2456 322 2545 ipio
345 2456 398 2519 die
416 2452 557 2527 dedisse,
580 2454 695 2530 idest,
718 2479 745 2520 a.
761 2457 794 2520 d.
812 2478 880 2521 1111
895 2459 967 2524 kal.
983 2460 1129 2528 Novemb-

110 2572 169 2633 et,
193 2560 274 2643 quid
287 2571 386 2644 putes
402 2555 555 2620 utilitatis
574 2580 646 2621 eam
661 2559 976 2647 promulgationem
993 2556 1131 2633 attuliliu

115 2660 248 2727 scribis.
291 2658 331 2722 Iu
346 2656 529 2744 quostiam
544 2656 628 2724 haec
648 2659 760 2725 nostra
780 2660 863 2729 lalus
885 2684 970 2728 cum
986 2662 1051 2731 hac
1070 2662 1131 2753 lege

494 2936 763 2952 m

76 3174 81 3211 :
153 3132 246 3217 Epist.
263 3135 390 3198 LXXX.
434 3156 461 3196 1.
476 3138 602 3212 mensem
658 3135 699 3197 ud
741 3134 973 3199 conficiendum
1004 3135 1131 3201 Cleemll

116 3218 302 3306 Ianuarium]
327 3228 410 3283 cuius
425 3221 533 3282 mensu
550 3222 601 3281 die
656 3221 790 3282 reditum
800 3224 906 3283 omnia
915 3219 1130 3295 lludiffiomw

111 3313 215 3388 primo
238 3307 386 3367 Lentulus
402 3323 433 3366 et
453 3306 600 3366 Metellus
659 3327 737 3387 opes
772 3302 945 3367 instituerat
988 3310 1137 3385 nonime,

112 3389 195 3454 Coff.
242 3390 451 3474 magistratum
495 3395 601 3453 inituri
659 3391 745 3471 quod
760 3388 872 3472 reipsa
887 3390 1052 3472 praestitit.
1076 3384 1141 3477 Μι-Ι

111 3491 218 3549 erant,
241 3494 444 3557 acturumque
468 3473 499 3536 se
522 3477 602 3537 Len·
657 3487 720 3532 net.
1125 3520 1129 3529 .

109 3562 192 3623 tulus
213 3565 245 3620 in
266 3560 368 3622 senatu
385 3564 425 3622 de
440 3563 600 3622 Ciceronis
701 3573 730 3618 te
765 3582 814 3619 eas
850 3562 988 3647 literas]
1043 3560 1131 3647 volgo

107 3669 146 3710 te
193 3645 377 3724 promiserat
392 3689 402 3720 ,
459 3650 596 3729 egitque.
649 3646 754 3722 scribis
787 3658 818 3703 te
859 3666 909 3703 eas
947 3650 1085 3707 litei-ast·
1107 3658 1132 3707 tt

109 3728 231 3791 Manut.
654 3752 751 3810 quum
775 3733 806 3790 in
830 3727 896 3789 fine
915 3730 1010 3793 huius
1032 3732 1133 3795 lenm·

152 3820 189 3874 de
198 3810 319 3880 Metelli
332 3813 504 3896 vuluntate]
520 3815 598 3874 aci·
654 3820 717 3874 tite
732 3813 867 3896 posttum
879 3812 919 3875 fit
934 3820 1058 3893 scribit,
1078 3814 1134 3879 lul.

107 3920 225 3964 cetone
245 3902 312 3961 noli
335 3900 465 3979 emplius
486 3902 596 3962 aliena.
654 3916 689 3959 ut
706 3898 916 3978 superfluum,
935 3902 1080 3967 Emestio
1092 3920 1136 3965 eu·

108 3985 231 4050 Mauttt.
655 4000 744 4046 cloto
758 3983 870 4046 delevi·

100 4058 104 4064 ¹
151 4083 214 4136 tota
228 4065 364 4145 Pompeii
382 4066 520 4153 ratione]
543 4070 602 4151 qui
702 4086 705 4091 ⁴
