2506 4808
255 273 541 354 EPISTOLA
580 276 759 345 xuvui
956 297 1021 369 23,

89 506 374 580 nrrsrotu
414 488 574 577 xnvuss
626 507 737 595 (Att.
763 480 809 577 η’
838 508 920 594 21.)
951 530 953 534 ·
1009 496 1012 505 ’

132 675 199 738 Ser.
214 671 338 732 Romae
355 686 486 731 exeunte
503 668 634 752 Quintili
647 671 684 733 Α.
699 669 738 732 U.
756 671 791 732 C.
810 670 891 752 694:
1012 612 1017 621 ι

87 825 256 900 ενάὶτοζηί
270 825 347 897 publ.
365 822 448 897 statu
470 832 500 877 et
515 821 626 880 maiori
646 825 729 903 quod
743 823 897 881 immineat
908 824 1021 898 perieu-

98 950 124 988 t.
169 930 205 984 de
222 928 302 981 malo
317 918 454 998 Pompeii
467 923 695 998 existimatione.
717 945 745 986 2.
791 928 829 984 de
845 920 942 984 Bibuli
959 928 1024 1006 glo·

87 1075 91 1092 ,
112 1045 145 1108 5.
185 1031 222 1085 cle
238 1028 301 1104 suis
322 1046 359 1084 ex
380 1021 482 1083 Clodii
501 1026 659 1083 inimicitia
673 1027 823 1101 periculis.
844 1039 875 1108 4.

221 1237 426 1310 CICERO
467 1236 713 1309 ATTICO.
758 1239 796 1309 S.

87 1397 131 1460 De
145 1394 330 1482 republica
348 1393 430 1477 quid
448 1415 512 1481 ego
531 1397 593 1458 tibi
608 1392 796 1460 subtiliter?
817 1406 891 1462 tota
905 1400 1024 1485 periit:

87 1521 94 1561 ε
115 1495 182 1561 hoc
209 1497 256 1560 est
274 1494 445 1567 miserior,
467 1515 567 1578 quam
588 1495 766 1580 reliquisti,
782 1499 872 1581 quod
889 1513 962 1563 tum
980 1503 1027 1566 ri·

87 1612 139 1663 tur
154 1597 322 1663 eiusmodi
337 1595 523 1659 dominatio
541 1602 710 1663 civitatem
725 1598 926 1686 oppressisse,
940 1620 1025 1683 quae

87 1701 141 1764 ula
164 1698 245 1763 esset
267 1695 495 1768 multitudini,
531 1699 629 1762 bonis
652 1712 765 1767 autem
793 1706 842 1764 ita
871 1700 1026 1773 molesta,

87 1823 161 1865 men
176 1799 241 1864 fine
257 1803 405 1888 pernicie
414 1820 423 1877 ;
448 1819 540 1860 nuuc
562 1813 703 1884 repente
722 1812 818 1866 tanto
831 1808 867 1866 in
882 1803 963 1866 odio
978 1802 1026 1866 est

93 1908 174 1975 bue,
195 1915 233 1967 ut
251 1899 408 1984 quorsum
424 1911 586 1987 eruptura
605 1898 660 1975 fit,
685 1900 896 1967 horreamus.
937 1901 1027 1967 Nam

90 2005 219 2075 ndiam,
242 2015 339 2085 atque
360 2004 658 2086 intemperantiam
680 2003 815 2069 illorum
840 2003 953 2067 sumus
970 2025 1027 2067 ex·

92 2151 103 2180 ,
135 2110 190 2188 qui
212 2103 336 2168 Catoni
359 2105 435 2165 irati
466 2107 582 2164 omnia
607 2104 841 2190 perdiderunt.
886 2103 959 2170 Sed
979 2109 1030 2174 ita,

89 2228 129 2272 us
156 2211 207 2270 uti
231 2204 432 2290 visebantur
458 2207 617 2276 veneniS,
654 2217 693 2268 nt
722 2204 813 2293 posse
834 2207 1027 2271 videremur

90 2306 207 2372 dolore
229 2310 381 2368 interire.
425 2303 524 2367 Nunc
547 2325 630 2368 vero
653 2303 752 2368 sibilis
774 2306 884 2394 vulgi,
905 2306 1028 2370 sermor

87 2431 98 2475 t·
122 2405 363 2478 honestorum,
388 2405 526 2468 fremitu
544 2404 674 2491 ltaliae,
697 2428 817 2470 vereor
836 2430 879 2470 ne
902 2405 1028 2471 exarseae

120 2509 288 2594 Equidem
304 2503 493 2594 sperabam,
518 2519 556 2568 ut
573 2506 666 2594 saepe
685 2513 786 2570 etiam
798 2506 891 2592 loqui
911 2521 1027 2573 tecum

378 2798 648 2819 W

87 3018 205 3101 tisiter]
228 3020 278 3079 Sic
290 3019 337 3081 ed.
347 3022 441 3082 Rom.
452 3023 485 3083 P.
543 3013 711 3101 pudiull'et,
736 3033 766 3077 et
777 3015 907 3076 Lucullo
925 3018 1030 3079 [avens

87 3106 374 3179 :thumnensium
398 3109 485 3169 bene.
515 3109 519 3115 ’
543 3104 643 3190 legem
668 3108 818 3186 agrariam
844 3118 874 3161 et
897 3100 945 3183 suu
963 3118 1031 3161 acta

87 3188 160 3252 lens.
188 3189 253 3251 Asc.
277 3196 340 3251 Au.
368 3193 486 3251 addunt
543 3185 767 3274 oppugnasset;
804 3185 915 3257 Caesar
938 3207 1032 3260 vero,
1081 3204 1083 3209 ·

87 3296 141 3345 επις
178 3274 270 3335 male.
317 3270 441 3346 Ernesti.
544 3275 632 3354 quod
653 3271 840 3351 triumphum
870 3271 955 3331 suuni
976 3276 1033 3328 iui-

87 3382 131 3423 rue
169 3362 223 3416 doc
258 3360 299 3433 est
330 3356 486 3440 miserior]
543 3354 685 3439 pedillet,
708 3352 1034 3439 etl'egibussuisell'et

87 3466 147 3516 ne,
178 3447 266 3524 quod
288 3445 427 3505 Ernestio
455 3446 488 3503 in
545 3440 728 3503 adversatus.
757 3441 910 3503 Plutarch.
947 3439 1035 3501 Cras·

87 3526 134 3593 eni
177 3534 280 3599 veuit,
320 3530 487 3613 legendum
544 3527 591 3589 sus
628 3540 755 3599 aurem,
810 3545 845 3584 ut
878 3527 1033 3606 Pompeio

98 3635 175 3672 nitnc
192 3614 232 3688 eft
246 3615 391 3688 miserior.
406 3618 487 3673 Nam
545 3631 577 3674 et
593 3612 734 3682 Caesari,
757 3611 844 3693 quod
866 3632 926 3692 ego
943 3604 1034 3690 putoss

87 3698 487 3782 nuncperseinrelligitur.
544 3720 610 3759 rem
647 3713 766 3779 gratum
801 3698 935 3762 laceret,
964 3694 1035 3771 ‘vel

87 3787 91 3839 ἵ
117 3780 232 3841 Catoni
256 3784 349 3867 irati]
398 3787 489 3843 Pom·
546 3788 617 3864 quia
634 3780 913 3843 Cato'ndversatus
933 3780 1035 3851 suerat

122 3864 273 3951 quidem,
315 3870 403 3948 quod
435 3867 489 3927 ille
545 3868 734 3948 publicanis,
770 3861 1036 3948 quosipsoCras·

87 3948 342 4019 neiuusororem
359 3974 488 4015 uxorem
545 3952 593 4012 sus
628 3953 804 4032 impulerat.
852 3949 911 4027 (cs.
946 3946 1036 4028 supr&

87 4035 489 4122 roaisinitatemsuamre·
547 4058 596 4119 ep.
619 4051 675 4112 23,
701 4041 754 4114 8.)
803 4030 929 4093 Coi-rad.
1023 4098 1031 4125 )
