2506 4808
236 286 519 359 unrsrocu
556 289 716 359 xxrx.
930 298 994 385 m

87 469 216 544 ,utuo'n
229 474 312 542 mihi
325 484 460 565 potius,
483 500 583 564 quarn
603 475 731 566 populo
741 477 922 556 Romano,
951 501 992 549 ιο

87 575 296 644 immortalibus
311 580 428 644 datum
443 581 635 649 videretur:¹
653 592 768 647 tamen
780 580 835 655 id,
863 586 902 647 in
922 600 993 666 quo

94 669 227 762 dignitas,
261 693 332 745 crat
352 680 429 756 lex,
471 695 544 747 erat
568 703 705 758 eorum,
737 688 795 768 qui
814 682 992 757 faciebant,

87 785 148 849 rias,
164 783 391 870 accipiendum
409 789 625 870 non'putavi;
648 804 755 869 quum
769 781 844 849 aliis
858 782 993 868 dectu-

87 887 140 943 tum
158 887 252 946 etiam
274 895 312 949 ut
333 889 444 950 animo
468 890 627 970 aequiore
645 885 834 958 ferrentii‚
868 885 993 968 quibua

87 981 242 1059 ederetur,
270 1007 334 1050 nec
351 984 480 1052 liceret.
525 983 745 1075 Quapropter
763 988 925 1051 incumbe
944 996 994 1053 to·

87 1088 169 1162 imo„
189 1098 223 1151 et
246 1083 357 1152 studio
374 1092 468 1152 omni
489 1092 528 1153 in
548 1108 623 1151 eam
643 1091 829 1162 rationem,
850 1108 916 1173 qua
937 1087 993 1153 ad·

87 1185 193 1260 frises,
214 1199 253 1255 ut
268 1209 349 1263 eos,
375 1209 458 1272 quos
482 1200 560 1254 tuae
579 1183 676 1263 fidei,
706 1187 929 1276 potestatique
948 1189 994 1256 se·

87 1287 291 1377 populusque
305 1287 482 1355 Romanus
499 1285 682 1362 commisit,
707 1301 743 1354 et
757 1290 920 1367 credidit,
945 1292 992 1357 di·

100 1402 139 1457 ut
158 1396 253 1458 omui
278 1397 408 1462 ratione
429 1404 562 1462 tueare,
595 1400 634 1456 ut
651 1388 716 1455 esse
737 1412 840 1475 quam
854 1390 994 1464 beatisfi·

87 1490 156 1559 elis.
204 1491 310 1581 Quod
330 1491 352 1558 fi
374 1506 409 1558 te
432 1490 502 1557 sors
517 1489 637 1565 Afris,
666 1503 724 1557 aut
735 1491 912 1581 Hispanis,
933 1505 992 1559 aut

90 1590 320 1680 praefecisset,
353 1595 576 1665 immanibus,
607 1612 645 1656 ac
670 1588 822 1660 barbaris
848 1599 993 1662 nationi·

88 1717 189 1762 amen
211 1694 291 1760 esset
310 1693 527 1760 humanitatis
551 1704 645 1767 tuae,
673 1691 847 1761 consulere
869 1717 991 1762 eorum
1075 1755 1079 1762 .

87 1796 178 1871 >dis‚
199 1809 234 1861 et
254 1795 408 1869 utilitati,
437 1793 597 1879 salutique
619 1791 755 1861 servire.
800 1795 917 1886 Quum
939 1819 993 1864 ve

89 1903 187 1967 eueri
212 1896 389 1963 hominum
411 1893 619 1984 praeimus,
646 1920 718 1964 non
739 1897 843 1963 modo
860 1903 899 1963 in
923 1919 993 1982 quo

87 2044 98 2075 ,
119 1999 293 2070 sedetiam
309 2021 328 2063 a
344 2020 411 2081 quo
424 1996 466 2060 ad
481 1996 564 2063 alios
581 1998 766 2085 pervenisse
782 2011 920 2086 putetur
932 1997 994 2066 hu-

87 2123 122 2166 s:
151 2114 245 2167 certe
260 2106 302 2166 iis
320 2121 394 2165 eam
416 2096 622 2184 potissimum
641 2102 792 2167 tribuere
815 2099 992 2175 debemus,

87 2225 120 2271 rs
144 2206 348 2288 accepimus.
399 2200 479 2266 Non
503 2207 594 2267 enirn
614 2224 668 2268 me
690 2201 756 2268 hoc
782 2208 851 2267 iam
877 2203 992 2268 dicere

88 2320 121 2381 t,
142 2304 341 2394 praesertim
357 2306 445 2366 inea
465 2307 549 2377 vita,
578 2316 677 2388 atque
690 2309 734 2368 iis
757 2307 860 2369 rebus
876 2303 992 2392 gestis,

87 2430 133 2473 ·us
150 2429 220 2476 non
233 2403 343 2493 potest
356 2401 503 2469 residere
515 2408 669 2480 inertiae,
692 2419 750 2472 aut
763 2406 908 2472 levitatis
923 2405 991 2470 ulla
1030 2459 1034 2466 .

87 2531 118 2574 r:
142 2529 208 2578 nos
232 2529 287 2582 ea,
317 2527 402 2589 quae
424 2503 596 2568 consecuti
619 2504 751 2580 summ,
782 2504 837 2570 his
861 2504 991 2577 studiis,
1060 2580 1064 2587 ἲ

87 2631 142 2673 rus
158 2607 223 2674 esse
238 2608 397 2693 adeptOS,
419 2627 502 2689 quae
524 2603 587 2668 srnt
609 2610 710 2683 nobis
737 2607 898 2672 Graeciae
920 2628 992 2669 mo·

91 2717 157 2783 tir,
180 2708 430 2797 disciplinisque
447 2707 577 2769 tradita.
623 2707 734 2797 Quare
749 2719 883 2799 praeter
900 2728 990 2768 com·

87 2835 100 2874 r
124 2809 243 2885 fidem,
281 2831 363 2893 quae
386 2811 544 2872 omnibus
568 2808 729 2884 debetur,
761 2808 827 2872 hoc
852 2828 917 2870 nos
939 2806 992 2872 isti

87 2935 143 2976 um
159 2917 275 3000 generi
292 2914 470 2998 praecipue
488 2909 610 2973 debore
630 2909 802 2981 videntur,
832 2919 888 2981 ut,
912 2928 992 2991 quo·
1072 2905 1073 2909 ’

87 3019 252 3101 raeceptis
269 3011 380 3080 suanus
400 3009 538 3082 eruditi,
561 3008 649 3099 apud
672 3031 732 3075 eos
755 3007 865 3098 ipsoS,
898 3008 991 3093 quod

341 3228 611 3246 -ι-ο-σ--υι-

87 3371 148 3428 mni
175 3365 312 3453 ratione]
356 3365 450 3447 Vulg.
549 3386 677 3446 quorum
694 3371 860 3443 praeceptis
873 3371 992 3455 furatus]

87 3457 106 3512 u'
139 3455 264 3512 ratione.
320 3451 451 3510 Suevior
508 3449 661 3513 Ernestiut
677 3450 764 3512 scribi
782 3453 861 3515 iussit
877 3459 991 3532 fitnrts;

87 3539 117 3599 iit
134 3537 294 3618 anaphora
318 3540 451 3613 particu-
509 3540 583 3615 quia
625 3539 764 3616 pendeat
806 3560 823 3600 a
857 3546 992 3603 velimus.

91 3624 279 3706 repetendo,
298 3619 450 3701 sicpoulo
507 3621 597 3680 Enim
620 3642 694 3705 vero
719 3623 758 3682 ab
781 3621 844 3684 hoc
868 3631 995 3688 minime

94 3726 124 3789 9.
141 3724 215 3771 extr.
505 3706 635 3786 pendet,
656 3704 710 3766 sed
728 3708 809 3769 ordo
826 3710 993 3772 verborum

90 3814 122 3851 os
139 3792 200 3875 ista]
243 3789 348 3873 Vulgo
363 3811 449 3864 prae·
506 3789 557 3851 hic
579 3788 639 3853 est:
684 3801 726 3864 ut,
749 3795 830 3868 apud
849 3816 900 3854 eos
917 3797 993 3872 ipsos

87 3899 115 3937 ns
131 3880 189 3954 asti.
238 3878 300 3941 Sed
315 3888 447 3950 praeter·
506 3897 633 3957 quorum
641 3882 806 3953 praeceptis
813 3880 914 3954 sumus
930 3903 994 3938 eru·

87 3964 190 4048 ‘rigide
198 3962 374 4023 redundare
389 3966 450 4021 iam
507 3964 565 4019 otti
574 4003 583 4034 ,
606 3965 683 4040 quod
696 3967 731 4020 ab
746 3965 782 4022 iis
792 3966 994 4038 didicerimus,

87 4070 116 4117 n
134 4050 266 4113 monuit.
509 4048 631 4111 velimus
653 4069 840 4125 expromere.
