2506 4808
159 313 204 378 88
427 293 720 366 -EPISTOLA
764 296 916 382 cvm.

162 494 295 554 tionum
311 487 466 560 seientia,
488 485 542 550 vel
558 491 593 551 in
617 483 825 573 explicandis
843 477 945 547 caufis
963 508 1092 554 rernm
1106 510 1206 556 nova·

162 613 257 664 rum,
278 588 335 656 vel
346 593 381 653 in
396 589 556 651 remediis
578 585 890 659 incommodorum,
910 609 1016 670 quum
1034 600 1072 652 et
1089 610 1208 678 repre·

163 686 294 755 herides
316 710 371 762 ea,
399 711 485 773 quae
506 687 725 775 vituperanda
749 688 870 761 duces,
899 699 949 781 ct,
982 710 1073 772 quac
1096 690 1208 779 place·

164 793 266 864 bunt,
289 789 502 877 exponendis
525 792 712 853 rationibus
731 791 989 876 comprobabis,
1012 802 1049 854 et
1076 788 1098 854 fi
1124 791 1209 856 libe·

153 898 256 966 rius,
290 902 328 954 ut
354 888 535 963 consuesti,
572 890 739 978 egendum
762 892 913 979 putabis,
946 889 1147 955 multorum
1171 899 1208 958 in

163 1014 229 1060 nos
252 990 446 1082 perfidiam,
481 989 635 1065 infitliaS,
665 991 896 1076 proditionem
918 992 1072 1058 notabis.
1118 991 1209 1058 Mul-

163 1106 234 1158 tam
264 1100 365 1158 etiam
393 1092 484 1158 celus
517 1093 622 1159 noltri
648 1100 843 1160 varietatem
872 1093 935 1154 tibi
954 1095 991 1155 in
1016 1089 1209 1159 scribendo

162 1193 443 1283 suppeditabunt,
464 1195 598 1282 plenam
621 1196 795 1261 cuiusdam
816 1190 1022 1279 voluptatis,
1044 1213 1137 1276 quae
1154 1215 1209 1260 ve·

164 1294 347 1361 hementer
368 1303 498 1359 animos
520 1295 696 1361 hominum
718 1302 753 1361 in
775 1293 919 1382 legendo
942 1305 1065 1356 tenere
1092 1291 1207 1382 polfi't.

161 1395 260 1462 Nihil
276 1396 322 1460 elt
337 1402 426 1460 enim
443 1402 553 1482 aptius
573 1397 614 1460 ad
630 1396 892 1462 delectationem
907 1391 1074 1468 lectoris,
1100 1415 1208 1480 quam

163 1508 362 1585 temporum
375 1503 568 1571 varietates,
590 1498 812 1582 fortunaeque
830 1491 1095 1560 vicilsrtudines:
1117 1517 1206 1580 quae

163 1595 222 1663 etsi
243 1601 341 1667 nobis
358 1597 523 1686 optabiles
547 1604 583 1663 in
598 1598 806 1687 experiendo
823 1618 891 1660 non
912 1595 1077 1670 fuerunt,
1100 1602 1140 1663 iu
1155 1621 1206 1664 re·

163 1697 307 1786 legendo
324 1710 438 1764 tamen
451 1713 551 1766 erunt
565 1698 743 1766 iucundae.
785 1697 897 1762 Habet
915 1701 1005 1760 enim
1020 1705 1205 1782 praeteriti

163 1799 292 1867 doloris
329 1798 444 1866 secura
485 1802 677 1865 recordatio
718 1799 990 1863 delectationem.
1062 1798 1203 1866 Ceteris

164 1923 245 1966 vero
267 1901 357 1967 nulla
379 1903 570 1990 perfunctis
595 1907 731 1990 propria
754 1899 922 1971 molestia,
962 1897 1056 1963 casus
1085 1914 1203 1966 autem

163 2003 290 2068 alienos
312 2003 377 2068 fine
400 2004 471 2073 ullo
494 2003 611 2084 dolore
632 2005 869 2074 intuentibus,
911 2005 1009 2065 etiam
1038 1998 1110 2088 ipsa
1143 2009 1206 2068 mi·

161 2103 345 2175 sericordia
375 2104 422 2169 est
458 2107 615 2170 iucunda.
682 2104 792 2196 Quem
832 2109 923 2167 enim
949 2100 1108 2167 nostrum
1146 2103 1205 2170 ille

161 2209 311 2268 moriens
354 2205 441 2290 apud
469 2207 679 2273 Mantineam
716 2204 968 2294 Epaminondas
1007 2227 1079 2268 non
1124 2230 1206 2274 cum

163 2305 307 2388 quadam
337 2306 547 2372 miseratione
577 2306 746 2371 delectat?
792 2313 848 2389 qui
875 2319 945 2371 tum
970 2305 1121 2391 denique
1147 2307 1207 2374 fibi

162 2405 261 2471 avelli
297 2411 391 2472 iubet
421 2408 602 2496 spiculum,
638 2408 750 2495 postca
784 2430 882 2492 quam
921 2412 950 2469 ei
981 2418 1208 2494 percontanti

163 2508 294 2582 dictum
312 2510 378 2586 est,
403 2510 560 2604 clypeum
577 2509 640 2579 effe
655 2509 796 2579 salvum:
821 2521 860 2576 ut
876 2513 978 2578 etiam
994 2514 1031 2577 iu
1046 2509 1206 2581 vulneris

546 2774 814 2798 φ-ι--μ--ιι--ι-

203 2985 232 3026 η.
245 2963 420 3050 perfidiam]
438 2968 541 3047 Saepe
555 2964 650 3026 fidem
706 2962 1208 3033 rectemonucrunt.UnusGrae-

159 3046 321 3110 hominum
346 3051 464 3112 occulat
485 3056 517 3112 in
538 3050 648 3132 episto·
706 3059 746 3114 vii
762 3054 862 3114 codex
877 3048 999 3108 hebuit:
1025 3053 1053 3107 in
1072 3057 1207 3131 legendo

159 3133 195 3195 lis
217 3135 257 3194 ad
278 3138 430 3209 Atticum,
455 3137 494 3196 ed
517 3138 556 3218 Q.
578 3139 648 3196 Fre·
708 3150 737 3197 te
760 3139 927 3214 scriptore,
960 3144 1068 3193 tenere.
1117 3141 1209 3202 Mur.

159 3233 258 3291 trem,
280 3220 320 3279 ed
344 3223 526 3297 Lentulum3
548 3227 649 3282 nomi·
707 3223 924 3306 tyni-Legum
942 3218 1039 3279 edidit
1055 3224 1085 3279 in
1102 3227 1206 3303 legen.

158 3309 344 3366 netimvero
365 3306 395 3366 le
419 3305 596 3368 destitutum
618 3323 649 3365 et
706 3309 904 3384 descriptore
921 3313 1028 3363 tenere.
1074 3309 1142 3368 Sed
1157 3317 1208 3372 ni.

158 3389 318 3449 inductum
346 3398 486 3472 queritur
513 3413 531 3451 a
558 3394 648 3450 Pom·
707 3393 748 3453 hil
777 3393 886 3451 melius
913 3389 1037 3447 Graevii
1066 3398 1208 3462 ratione.

157 3478 253 3553 pelo,
293 3481 347 3556 qui
373 3477 403 3536 le
426 3498 596 3558 numquam
620 3479 661 3537 ei.
705 3481 755 3538 Sic
787 3475 830 3537 est
865 3470 973 3554 postea
1010 3470 1208 3554 fimpficirer,

158 3558 339 3618 defuturum
360 3567 530 3634 iuraverat,
556 3577 587 3620 et
604 3561 649 3621 eb
706 3567 736 3623 in
758 3562 933 3638 relegendo,
958 3573 993 3616 et
1008 3559 1127 3626 deinde
1142 3563 1207 3627 stu·

156 3642 346 3718 Hortenfi0,
376 3648 517 3719 Catone,
548 3650 648 3707 Arrio.
704 3649 790 3709 dium
807 3650 837 3704 in
850 3644 987 3722 legendo.
1081 3668 1085 3673 ·

156 3724 278 3789 Manut.
748 3735 778 3790 in
805 3725 987 3808 relegendo]
1010 3729 1060 3789 sic
1079 3731 1209 3820 Marty-

199 3818 229 3873 in
247 3819 373 3894 legendo
391 3816 512 3899 tenere]
542 3816 648 3900 Vulgo
705 3818 894 3900 ni·Legune
911 3813 1025 3883 edidit,
1050 3812 1124 3875 lene
1142 3821 1209 3882 ele.

156 3901 187 3956 in
215 3904 340 3977 legendo
371 3903 485 3975 scripto
511 3904 649 3962 retinere.
708 3909 841 3986 gentius.
891 3897 1044 3975 Relegere
1080 3900 1126 3964 est
1161 3905 1210 3968 10.

154 3985 217 4043 Sed
232 3989 347 4060 scripto
370 3985 575 4068 eglolletore
592 3986 651 4046 llu-
708 3988 816 4073 gendo
833 3977 1070 4067 recognoscere.

153 4065 227 4130 xllle
257 4072 407 4131 Graevius
437 4087 469 4132 et
496 4071 650 4134 Ernestiut
