2506 4808
145 318 190 382 ο,
417 287 698 359 arrsrona
748 280 906 363 cviu.

147 481 290 564 dituquc
310 478 470 546 tenetur?
492 480 627 545 Etenim
643 478 730 545 ordo
743 475 800 543 ille
814 477 1191 555 annaliummediocri·

146 598 290 650 ternos
320 589 463 655 retinet,
504 581 590 667 quali
625 586 879 647 enumeratione
910 581 1103 651 fastorum.
1146 589 1193 661 At

146 692 209 752 viri
231 684 326 770 saepe
350 685 547 749 excellentis
571 687 753 769 ancipites,
772 687 922 766 variique
939 683 1043 752 casus
1069 686 1194 763 habent

147 788 422 860 admirationem,
447 786 751 872 exspectationem,
770 782 952 859 laetitiam,
976 788 1193 866 molestiam,

145 887 257 977 spem,
279 892 436 950 timorem
444 909 453 968 3
478 885 498 949 sr
522 909 603 950 vero
626 890 720 949 exitu
741 884 880 953 notabili
910 889 1194 961 concluduntur:
1252 937 1253 943 κ

147 990 305 1078 expletur
322 993 452 1053 animus
473 984 704 1051 iucundissima
718 983 874 1053 lectionis
894 988 1095 1080 voluptate.

115 1097 137 1164 3
253 1089 330 1179 Quo
356 1087 438 1155 mihi
459 1088 621 1153 acciderit
642 1093 812 1174 optatiuS,
831 1085 853 1153 fi
873 1096 910 1154 in
928 1089 997 1157 hac
1023 1092 1195 1171 sententia

29 1185 32 1193 ’
143 1193 269 1261 fueris,
288 1202 326 1253 ut
342 1212 361 1254 a
377 1191 632 1255 contineutibus
649 1195 718 1254 tuis
734 1189 888 1278 scriptis,
911 1199 949 1256 in
966 1197 1103 1277 quibus
1119 1218 1194 1286 per·

142 1307 280 1384 petuam
302 1313 418 1355 rerum
443 1290 610 1378 gestarum
642 1287 814 1356 historiam
838 1293 1114 1382 complecteris,
1150 1296 1193 1363 sa·

143 1410 262 1459 cernas
284 1389 371 1455 hanc
397 1389 483 1476 quafi
500 1390 646 1456 subulam
671 1412 808 1465 rerum,
831 1406 1118 1482 eventorumque
1134 1420 1192 1464 aa·

141 1495 298 1563 strorum.
342 1491 455 1557 Habet
479 1497 568 1560 enim
583 1496 694 1557 varios
719 1504 834 1567 actus,
860 1492 1063 1579 multasque
1085 1505 1190 1565 actio·

140 1617 204 1664 nes
228 1607 264 1658 et
283 1592 517 1667 consiliorum,
552 1605 586 1661 et
609 1607 817 1682 temporum.
861 1593 1021 1663 Aenon
1046 1621 1189 1674 vereor,

139 1716 184 1764 ne
206 1694 482 1760 assentatiuncula
501 1695 644 1779 quadam
664 1701 823 1783 aucupari
844 1707 937 1761 tuam
962 1706 1119 1784 gratiam
1145 1707 1188 1769 vi·
1252 1681 1253 1738 l

139 1799 241 1873 dear,
263 1820 367 1884 quum
384 1796 448 1862 hoo
464 1795 709 1872 demonstrem,
732 1818 823 1861 mea
844 1810 880 1861 tc
896 1797 1115 1886 potissimum
1138 1825 1187 1868 or·

520 1992 791 2012 Μ
825 1998 827 2003 ·

138 2115 290 2177 cadavere
313 2115 377 2172 esus
396 2106 468 2190 post
491 2125 627 2169 mortem
685 2110 757 2170 cod.
774 2109 928 2173 stewech.
943 2112 1055 2178 etPal.
1069 2119 1182 2198 quinta

137 2205 172 2273 in
203 2202 333 2278 patriam
372 2196 492 2268 relato,
537 2194 627 2274 quod
685 2198 775 2256 Grut.

136 2283 213 2347 milti
237 2284 362 2364 quidem
386 2281 508 2348 durius,
532 2299 626 2359 quam
726 2284 799 2338 ordo
821 2281 894 2366 ille]
916 2285 967 2343 sic
989 2288 1181 2373 aMartyui·¹

135 2392 197 2452 pro
210 2371 368 2429 Ciceronis
382 2364 450 2424 stilo
469 2360 529 2423 else
543 2365 626 2424 vide·
682 2365 809 2449 Iaguna
846 2365 991 2446 scriptum
1030 2377 1180 2436 invenio:

137 2473 206 2525 tur,
246 2471 298 2513 aut
321 2454 422 2520 exitu,
460 2464 513 2507 aut
537 2449 626 2528 quod
684 2449 1179 2536 aptiuradsensum,quamord0

39 2582 43 2588 -
135 2539 372 2603 testaManutio
394 2537 548 2593 Ferrarius
571 2554 625 2593 vo·
683 2538 764 2612 ipse,
811 2537 898 2616 quod
924 2538 1020 2621 vulgo
1056 2544 1179 2621 editur;

134 2626 208 2698 luit,
226 2620 538 2701 interitclegendum.
561 2616 625 2680 Nifi
683 2621 771 2698 quod
808 2637 842 2680 ut
883 2621 1012 2684 defendi
1055 2624 1178 2706 posset,

133 2713 219 2772 sorte
235 2708 284 2768 hic
297 2707 452 2787 quaedam
468 2701 560 2762 verba
575 2724 624 2764 ex·
682 2722 764 2767 certe
780 2727 849 2765 cum
862 2708 1021 2770 nonnullis
1043 2709 1179 2777 scrihen.

134 2797 275 2855 ciderint.
319 2793 399 2849 Nam
420 2787 442 2848 fi
464 2794 495 2846 in
514 2788 622 2869 aliquo
683 2791 757 2849 dom
787 2809 851 2853 erat
875 2797 967 2850 etiam
996 2799 1074 2856 ordo
1106 2802 1178 2875 ipse·

135 2879 255 2940 Codice
293 2874 438 2954 scriptum
475 2876 623 2932 invenire-
679 2877 901 2936 Verumtamen
915 2883 946 2938 in
958 2892 1026 2938 tota
1040 2879 1178 2945 ltacsen·

133 2983 218 3025 mua:
244 2956 430 3033 Themistocli
443 2959 557 3031 exsilio,
572 2969 624 3019 aut
679 2965 773 3020 tentia
796 2966 964 3041 praecipua
987 2967 1029 3024 vir
1051 2986 1123 3029 non
1145 2975 1177 3033 in

131 3048 294 3108 Alcibiadis
328 3044 412 3124 faga
447 3046 621 3122 redituque,
679 3044 776 3103 verbo
801 3050 893 3117 ordo,
931 3045 985 3114 sed,
1008 3056 1120 3129 potina
1143 3057 1176 3121 in

130 3133 258 3216 prorsus
285 3129 360 3191 nihil
396 3129 619 3192 laboraremus.
678 3132 868 3188 mediocriter
883 3128 926 3190 esl
940 3135 1105 3211 ponenda,
1124 3142 1176 3201 cui

131 3223 178 3279 Ac
192 3215 263 3277 sane
276 3223 386 3276 mirum
400 3217 498 3276 videri
520 3209 621 3291 potest
678 3215 792 3275 deinde
812 3221 985 3296 opponitur
1001 3222 1175 3300 iucuada'ffi.

132 3307 316 3364 Ciceronem
345 3303 374 3361 h.
403 3301 423 3359 l.
454 3296 620 3360 Alcibiadis
677 3321 727 3360 ma
750 3304 895 3376 voluptas.

129 3393 323 3448 mentionem
338 3385 422 3448 haud
436 3379 548 3453 secisse,
568 3403 620 3443 cu·
711 3384 885 3469 fastorum]
923 3385 1058 3448 Minime
1087 3411 1173 3473 opus

128 3479 176 3535 ius
198 3476 270 3556 suga
286 3473 468 3550 reditusque
481 3470 521 3528 ad
536 3467 619 3526 suam
676 3468 720 3529 est
737 3492 805 3530 cum
821 3469 992 3533 Benedicta
1008 3479 1175 3560 corrigere

128 3557 222 3638 ipsius
245 3561 349 3640 sugam
368 3557 567 3632 reditumque
582 3549 619 3616 fi·
671 3554 836 3631 factorum.

128 3644 302 3705 militudine
344 3662 439 3724 quam
474 3642 619 3721 proxima
718 3643 777 3699 viri
790 3640 902 3725 saepe]
922 3641 994 3701 Hoc
1006 3643 1102 3719 saepe
1122 3643 1175 3709 hic

128 3729 307 3792 accedebat.
676 3725 847 3787 admodum
862 3729 962 3808 stiget.
1006 3727 1174 3793 Carenim

86 3823 88 3828 '
171 3811 309 3894 tenatur]
333 3811 376 3870 [ta
399 3806 536 3887 rescripsi
557 3829 617 3888 pro
674 3808 767 3890 saepe
787 3826 907 3873 tantum
930 3807 992 3870 hoc
1011 3810 1058 3871 illi
1084 3813 1173 3881 casua

127 3900 210 3982 vulg.
233 3900 395 3964 retinetur,
416 3893 618 3954 nebiridem
677 3893 830 3970 habeant,
876 3917 913 3959 ac
941 3913 1011 3957 non
1043 3895 1174 3985 sempor

126 3986 254 4044 verbum
287 3983 434 4057 deinceps
470 3994 618 4058 ponatur.
674 3981 802 4064 potiar?

127 4070 167 4130 Et
188 4068 229 4132 fic
251 4064 326 4130 teste
342 4063 514 4126 Gebhardo
531 4061 574 4127 est
587 4067 620 4127 ia
