2506 4808
212 328 502 404 rrrs‘rotn.
534 304 703 401 xtvu'.
904 326 965 423 ‚at

86 506 174 598 reatu
214 535 271 589 aut
297 519 318 585 fi
344 519 556 608 Protogenes
575 516 719 613 Ialysum
750 516 847 585 illum
872 520 967 589 suurn

86 624 213 689 ·blitum
236 624 385 696 videret,
422 643 600 709 magnum,
631 621 761 705 credo,
798 628 967 715 acciperet

86 746 113 789 r:
144 724 187 789 fic
204 746 268 814 ego
284 722 395 820 hunc,
416 720 575 790 orn'nlbus
599 740 686 785 attae
707 728 889 810 piciuntos
911 748 968 813 po·

86 824 358 899 discoloribus,
398 822 506 888 subito
531 818 777 896 delormatum,
810 820 968 890 nonime

86 925 207 991 dolore
229 926 307 991 vidi.
357 922 570 1016 Quamquam
592 943 693 987 nemo
714 922 870 1013 putabat,
892 944 969 1013 pro-

86 1027 242 1090 odianur'n
256 1031 454 1114 negotium,
475 1044 531 1088 me
552 1020 600 1086 illi
619 1022 765 1088 amicum
782 1020 847 1090 else
870 1026 971 1093 debe·

86 1149 144 1192 aen
160 1121 275 1193 tantae
296 1124 361 1191 suit
375 1146 486 1198 amor,
509 1136 547 1188 ut
567 1119 738 1186 exhauriri
759 1122 849 1190 nulla
862 1127 971 1213 posset

115 1228 232 1311 Itaque
250 1224 474 1292 Archilochia
486 1233 523 1293 in
541 1223 638 1290 illum
659 1222 770 1287 edicta
782 1222 894 1292 Bibuli
914 1248 971 1318 po·

86 1326 192 1392 esunt·
210 1314 374 1402 iucunda,
395 1343 435 1392 ut
456 1346 533 1394 eum
548 1326 681 1398 locumr
704 1321 760 1390 ubi
777 1348 972 1419 proponun-

86 1448 116 1493 ιο
131 1429 347 1497 multitudine
363 1426 499 1503 eorum,
523 1432 581 1512 qui
594 1421 732 1516 legunt,
754 1437 901 1496 transire
909 1444 972 1499 'ne-

107 1528 166 1618 ipsi
183 1536 228 1594 ita
249 1533 388 1604 acerba,
410 1532 452 1595 ut‘
467 1528 612 1594 tabescat
632 1526 770 1610 dolore3
802 1530 885 1597 mihi
906 1532 974 1599 rue'·

104 1628 260 1704 molesta,
288 1632 378 1714 quod
403 1643 554 1703 etenira,
583 1652 683 1713 quem
705 1629 836 1720 semper
858 1632 973 1712 dilexi,

86 1736 288 1804 neruoram,
311 1744 345 1795 et
359 1738 485 1806 timeo,·
508 1739 578 1794 tam
594 1726 777 1796 vehemens
797 1739 866 1808 vir,
890 1749 995 1802 tam·

86 1855 112 1896 er
134 1838 170 1897 in
191 1833 304 1904 ferro,
343 1844 467 1897 ettam
488 1833 639 1899 insuetus
665 1834 908 1910 contumeliae,
928 1853 972 1903 ne

87 1934 155 1997 rimi
170 1939 302 2020 impetu
318 1931 447 2008 dolori,
468 1948 501 1999 et
524 1933 718 1999 iracundiae
733 1948 857 2023 pateat.

90 2034 136 2101 uli
157 2039 216 2117 qui
235 2031 274 2096 fit
297 2039 409 2100 exitus
436 2026 752 2109 futurus‚³-neseio.
811 2024 858 2101 [lt
881 2059 1004 2124 nunc3

87 2139 186 2208 abet,
208 2135 394 2201 admirabili
411 2136 519 2225 gloria
534 2135 591 2200 est.
637 2134 729 2227 Quin
750 2160 851 2223 qutun
873 2149 975 2208 comi·

87 2236 215 2302 oensem
234 2235 379 2302 Octobr.
410 2228 607 2309 distulisset,
641 2238 732 2321 quod
752 2238 835 2304 solet
859 2262 897 2304 ea
917 2265 973 2311 res

87 2339 287 2404 uoluntatem
309 2337 503 2411 offendere,
543 2350 679 2427 putarat
700 2336 821 2403 Caesar
854 2324 976 2406 oratio·

87 2438 174 2526 posse
188 2436 317 2525 impelli
342 2443 560 2512 concionem,
588 2451 627 2503 ut
648 2445 714 2505 iret
735 2439 776 2502 ad
800 2434 975 2524 Bibulum3

87 2563 180 2624 puuan
200 2536 433 2603 seditiofiifime
457 2540 605 2612 diceret,
641 2560 761 2604 vocem
782 2544 976 2626 exprimere

87 2646 157 2705 tuit.
201 2638 293 2728 Quid
307 2637 466 2722 quaeris?
498 2639 664 2714 sentiunt,
689 2639 976 2710 senullamullius

328 2883 598 2903 nnn—n—h—-nd

87 3071 126 3130 rt,
164 3049 217 3117 sua
244 3059 350 3136 potius
379 3063 437 3119 im·
494 3056 576 3121 Gell.
604 3055 676 3119 XV.
711 3072 762 3134 31.
797 3057 902 3120 lunius
950 3046 983 3123 io

87 3149 115 3202 ie
131 3155 162 3201 et
176 3142 301 3201 levitate
317 3141 436 3223 lapsus,
494 3143 593 3206 Catel.
622 3141 727 3205 artific.
756 3145 885 3205 Martini
906 3147 981 3207 Ver.
1019 3192 1022 3197 .

87 3221 188 3288 insilio
203 3229 370 3286 erratione
384 3229 438 3287 de·
494 3228 577 3287 Lect.
593 3228 646 3288 lv,
666 3248 715 3290 20.

109 3305 286 3391 progressus
312 3312 439 3371 videbo·
537 3309 745 3393 Archilochia]
773 3310 846 3373 vid.
864 3333 914 3394 ep.
931 3314 983 3394 46,

88 3413 255 3476 equovero
278 3413 439 3472 argumen·
496 3415 525 3475 7.
1058 3403 1061 3407 '

88 3488 138 3540 itio
154 3492 291 3536 mutetur
308 3476 441 3559 strepo·
532 3493 570 3552 -5,
586 3488 617 3535 ut
630 3481 689 3536 iret
702 3482 743 3535 ad
759 3472 916 3561 Bibulum]
950 3495 985 3540 ut

88 3588 90 3599 ’
112 3565 202 3645 quod
215 3560 275 3622 lul·
289 3560 363 3624 esset
376 3569 396 3623 i.
409 3582 440 3645 q.
497 3563 637 3644 populus
658 3584 727 3621 cum
753 3559 899 3621 seditiose
923 3563 985 3625 cle·

90 3651 140 3728 qui
144 3668 158 3718 ,-
203 3662 235 3706 et
268 3649 441 3725 particulae
498 3647 638 3708 moribus
659 3652 717 3706 iret
745 3648 786 3705 ed
808 3647 910 3706 Bibuli
934 3668 986 3709 ae·

88 3756 112 3794 ru
138 3730 279 3793 haberet.
499 3734 571 3804 der,
596 3732 779 3810 abeoquo,
803 3749 845 3788 ne
860 3736 986 3793 comitia

88 3817 162 3899 em]
187 3819 297 3876 Coum.
393 3819 397 3824 ’
499 3818 650 3888 differret,
672 3830 882 3894 extorqueret.
925 3816 986 3875 lta·

88 3903 138 3986 ran]
160 3899 442 3982 Protogenerlalp
498 3921 563 3981 que
585 3899 662 3961 nihil
682 3918 762 3978 opus
784 3918 855 3957 eum
874 3896 984 3961 Ursino

88 3991 127 4051 lia-
140 4000 293 4065 nepotem
306 3983 442 4044 Rhodiis
498 3989 656 4068 corrigere
672 3986 701 4042 in
720 3979 863 4047 Bituitum.

88 4095 126 4149 ις.
157 4090 223 4153 qua
257 4073 301 4131 de
335 4069 441 4131 tabula

88 4191 146 4257 app.
171 4188 246 4240 rom
268 4185 292 4250 r,
833 4159 886 4258 'Q
