2506 4808
133 297 178 361 60
432 286 715 360 EPISTOLA
758 283 874 361 x'1x;

132 477 203 545 sum
228 484 404 548 inireearn
419 485 588 567 gratiam,
610 500 708 565 quam
730 480 799 569 ipse
815 482 1088 570 praetermisisset

135 580 203 646 esse
223 593 336 645 tantas
353 599 410 644 res
426 580 577 655 nostras,
602 604 685 667 quae
702 596 771 646 ta‘rn
786 583 906 647 libenti
926 583 1043 649 senatu
1064 585 1088 648 12

134 699 278 756 rentur,
302 683 344 744 ab
367 702 408 746 eo
432 681 650 769 praesertim,
678 688 735 767 qui
755 682 838 747 mihi
862 684 995 749 laudem
1022 685 1088 751 illar

135 788 250 847 minus
276 782 437 857 deberet,
474 782 572 866 quod'
590 787 675 848 meis
698 787 856 850 omnibus
882 785 994 851 literis
1020 786 1088 851 inl

135 890 256 973 peiana
280 881 380 946 laude
397 883 600 970 perstrictus
619 883 711 948 esset.

105 1005 125 1066 5
220 984 286 1048 Hic
306 984 378 1047 dies
400 1004 456 1048 me
471 983 567 1048 valde
586 984 702 1049 Crasso
723 987 895 1051 adiunxit:
920 999 1088 1052 ettamen

135 1086 194 1151 illo
223 1097 358 1173 aperte,
384 1096 477 1148 tecte
500 1083 663 1167 quidquid
685 1085 732 1149 est
758 1088 891 1161 datum,
912 1088 1063 1153 libenter
1082 1113 1088 1153 ε

133 1194 182 1276 pi.
224 1186 298 1276 Ego
314 1196 427 1247 autem
442 1184 528 1271 ipse,
553 1183 599 1247 dii
616 1180 716 1248 boni!
740 1207 807 1269 quo
822 1172 926 1255 ¹ruodo
946 1197 1085 1276 surrepr

131 1284 236 1388 erquu
257 1308 348 1353 novo
370 1286 519 1350 auditori
534 1282 721 1372 Pompeio?
751 1285 946 1373 stumquam
962 1289 1047 1355 mihi
1068 1318 1088 1359 r

519 1469 789 1487 ιι--α-ῄ--ιι-μ

174 1597 305 1655 omm'bus
331 1594 450 1678 literis]
470 1612 534 1655 non
556 1597 623 1674 eps·
679 1592 988 1677 gnomsnedpeslinis
998 1592 1088 1680 Pythi

130 1679 234 1753 stolis,
255 1680 307 1741 sed
329 1686 362 1742 iu
376 1680 521 1741 omnibus
539 1696 622 1760 quae
678 1679 828 1759 pelleret,
869 1681 910 1739 ed
945 1679 1088 1765 designer

129 1764 289 1848 scripserat
311 1767 352 1826 de
374 1767 545 1844 Pompeio,
586 1777 622 1825 ut
678 1779 793 1823 tectum
822 1767 887 1824 einr
922 1781 954 1825 et
985 1766 1088 1847 perplt

131 1855 163 1915 in
189 1855 335 1912 oratione
353 1851 543 1921 Maniliana,
589 1863 621 1909 et
679 1847 861 1909 dictionem.
985 1855 988 1866 ¹

130 1922 165 1997 id
187 1955 284 2020 genu!
308 1935 391 1995 ellit:
408 1938 411 1945 ’
428 1935 526 1993 literis
548 1934 568 1993 i.
590 1952 620 2014 q.
724 1928 1030 2072 ivrnrpnrprvea'pnr']
1082 1939 1088 1994 i

131 2023 305 2104 γράμμασι,
355 2017 547 2104 ὕπερβολικὸς
576 2019 624 2078 di-
678 2019 784 2074 reduci·
822 2019 938 2093 ornper'o
955 2039 1032 2077 novo
1051 2042 1088 2078 au

133 2123 227 2168 ctum.
678 2104 707 2159 ri
731 2123 778 2159 me
792 2105 873 2160 omni
896 2106 984 2161 modo
1006 2107 1088 2165 iacta:

172 2189 345 2265 perstrictus
366 2180 459 2268 esset]
485 2183 623 2264 praeser-
678 2189 842 2259 venditari,
860 2187 1088 2272 nullo¹gener01

131 2277 187 2339 tim
212 2273 265 2335 ubi
308 2271 418 2331 lorium
437 2270 510 2330 belli
533 2270 621 2330 servi:
651 2277 772 2351 ,cipue
788 2288 1043 2335 ornamentorum
1061 2293 1088 2336 n«

131 2357 167 2420 lle
186 2379 204 2418 e
221 2294 328 2418 Crasso
343 2353 503 2438 profligati
520 2370 620 2415 totam
678 2370 740 2416 cto.
791 2354 917 2432 Ernesti·

131 2460 235 2525 paene
247 2442 403 2520 Pompeio
419 2441 534 2501 tribuo.
547 2436 620 2496 Cor·
722 2433 754 2495 Si
770 2458 911 2521 umquam
928 2440 1002 2497 milri
1023 2453 1088 2525 περὶ

132 2531 198 2590 rad.
228 2527 310 2587 Vide
325 2543 355 2586 et
374 2541 453 2585 orat.
468 2544 528 2607 pro
550 2524 621 2606 lege
670 2521 851 2607 sturmi]
874 2525 977 2606 Vulgo
1001 2517 1088 2600 drap

131 2610 260 2674 Manilia
281 2631 306 2670 c.
322 2611 375 2673 IV.
400 2626 431 2670 et
444 2610 620 2690 proSextio
677 2602 911 2684 ἥὲνθυμήματα,
935 2606 955 2682 ἦ·
969 2632 1088 2669 uereor

130 2710 182 2773 51,
221 2691 352 2754 Gronov.
614 2690 618 2701 ’
676 2695 738 2754 Sed
756 2695 865 2753 melius
877 2694 1088 2755 cuntGreevie

173 2795 202 2856 5.
217 2777 342 2863 aperte]
370 2773 620 2838 Gronoviurhoc
674 2776 730 2838 illo
756 2771 945 2859 {repetitur
962 2781 1002 2853 si.
1046 2804 1088 2841 κα,

130 2863 171 2926 sic
190 2865 355 2925 intellexit:
389 2903 410 2934 „
420 2874 502 2945 quae
524 2862 617 2923 Porn-
675 2859 718 2922 est
734 2882 751 2920 e
770 2867 947 2923 coniectura
957 2860 1034 2921 slusii
1049 2886 1087 2946 pt

129 2955 219 3031 peius
248 2950 346 3008 voluit
366 2948 463 3005 videri
490 2941 520 3002 se
543 2944 618 3004 milti
676 2948 1084 3030 quedelimlegebetur,xe

131 3031 248 3094 dedisse
277 3031 331 3093 sub
363 3029 433 3089 velo
468 3027 554 3109 quest
587 3046 618 3090 et
676 3031 832 3111 Significat
849 3032 944 3092 Herus
972 3033 1083 3094 molles

131 3133 229 3188 tecte,
258 3122 337 3175 inter
365 3128 467 3177 cetera
492 3130 619 3195 genere·
676 3119 768 3176 tionis
796 3134 848 3176 aut
871 3116 1030 3177 clausulas.
1074 3120 1088 3176 'l

131 3207 185 3261 tim
206 3199 388 3270 laudando,
411 3218 492 3278 quae
516 3201 619 3276 proxi·
675 3199 795 3274 prsueroe
826 3218 908 3260 recte
939 3200 1088 3263 Ernestiut

129 3291 185 3345 mir
204 3289 288 3344 erinis
304 3279 618 3354 seneturdecrevisset,'
675 3301 864 3364 terpretatur
891 3285 1065 3346 celebrates

131 3390 278 3452 quaeque
294 3390 329 3426 ex
339 3369 398 3426 SC.
415 3367 493 3425 fecta
512 3363 617 3439 esseut,
675 3374 714 3428 ei>
747 3375 878 3451 antiquie
899 3369 1079 3432 rhetoribus

131 3474 192 3534 pro
215 3474 253 3512 eo
279 3451 394 3510 disertis
423 3467 453 3508 et
474 3450 616 3532 expressis
673 3459 800 3528 tentiae,
840 3476 857 3513 e
885 3461 1051 3516 contrariis

131 3539 231 3617 verbis
263 3542 374 3619 gratier
403 3539 489 3617 egi.''
553 3538 616 3596 Sed
673 3536 785 3610 clusis,
808 3558 889 3618 quae
908 3541 1086 3618 propterb

129 3620 298 3707 legendum
332 3621 453 3680 videtur
488 3619 526 3679 eb
560 3622 614 3682 illo
673 3638 768 3682 telem
800 3640 830 3681 et
853 3631 1007 3683 contrarie
1033 3647 1088 3684 eeu

130 3718 234 3791 aperto
264 3703 324 3765 scil.
369 3705 543 3784 Pompeio,
581 3723 616 3767 ut
672 3708 804 3785 aliquod
830 3705 962 3777 hebent,
998 3713 1084 3789 quusi

129 3811 200 3852 Qum
228 3787 269 3850 fic
295 3791 432 3872 usquurd<
460 3790 614 3869 appellet,
671 3791 721 3849 illa
742 3792 878 3850 Horatii:
900 3814 951 3846 tur
973 3807 1062 3865 optas
1086 3834 1088 3851 .

128 3875 187 3955 pr'o
200 3878 364 3936 recondito
383 3891 412 3934 et
435 3890 536 3934 tecto:
558 3871 612 3932 nisi
669 3875 780 3931 habes?
803 3892 833 3933 et
863 3897 993 3954 (prterunt
1021 3900 1088 3938 exet

127 3958 210 4020 sorte
228 3962 338 4020 Cicero
355 3957 483 4042 scripsit,
503 3962 538 4015 ab
560 3960 611 4014 illo
670 3960 726 4017 elie
739 3962 849 4018 Cicero
867 3961 897 4016 iu
906 3961 935 4016 T
937 3964 1087 4038 epicis'su

63 4081 69 4093 ·
127 4044 260 4119 Aperta,
288 4060 320 4105 tlt
341 4066 411 4104 eum
432 4043 539 4105 iocose
561 4062 612 4102 co·
669 4044 747 4103 ditur
768 4065 792 4103 c,
813 4058 858 4117 13.
883 4054 1074 4108 κατασκευαὶ
