2506 4808
275 302 563 376 rrtsroun
606 304 726 376 xuv.
791 246 796 255 ⁶
955 317 1021 401 ,ὃς

82 506 225 584 tempus
241 496 281 560 ab
300 502 440 561 inimico
455 493 607 582 Pompeii
620 494 733 583 scripti
750 494 815 563 esse
828 499 1020 569 videantur,

78 619 177 683 teque
194 596 312 685 leget,
337 618 448 680 neque
463 617 576 662 mores
592 597 747 685 cogunt’',
771 612 805 665 et
821 616 936 668 cetera
950 627 1022 671 tna·

78 721 152 763 :um
169 700 308 767 fremitu
326 714 360 765 et
376 700 524 764 clamore
539 696 614 761 sunt
628 699 728 762 dicta.
773 699 895 767 Caesar
914 724 1018 788 quum

78 798 131 863 'set
155 816 294 867 mortuo
318 802 452 889 plausu,
499 799 614 864 Curio*
638 795 727 878 filius
758 799 805 865 est
832 801 1017 882 insecutus,

87 907 139 965 ita
153 901 303 990 plausum
320 903 381 976 est,
394 914 433 966 ut
451 901 535 967 selva
553 921 592 996 re
605 899 741 988 publica
753 900 915 992 Pompeio
928 907 1020 995 plau·

78 1003 185 1067 lebat.
237 1001 336 1069 Tulit
361 1001 482 1068 Caesar
506 1006 666 1090 graviter.
708 1001 843 1068 Literee
867 1007 1019 1096 Capuam
1084 1020 1087 1029 ⁴

78 1112 245 1191 impeium
260 1104 376 1171 volare
391 1104 602 1170 dicebantur.
653 1105 787 1170 Inimici
808 1119 905 1170 erant
930 1115 1020 1192 equi·

83 1249 94 1280 ,
119 1213 177 1289 qui
196 1207 339 1272 Curioni
354 1205 476 1274 stantes
492 1206 697 1294 plauserant;
717 1204 829 1272 hostes
846 1213 1016 1277 omnibus·

78 1311 131 1370 iae
145 1305 234 1394 legi,
253 1313 355 1372 etiam
369 1307 612 1372 frumentariae
627 1308 881 1374 minitabantur.
925 1310 1018 1380 Sane

78 1411 364 1497 eratperturbeta.
412 1408 579 1498 Equidem
600 1407 807 1485 malueram,
835 1412 1018 1502 quoderat

78 1811 91 1853 t
108 1789 233 1853 eedem*
247 1786 410 1873 tragoedia
431 1784 476 1848 se·
529 1781 648 1867 Lipsiae
660 1791 722 1848 iem
737 1795 879 1864 monuit,
901 1807 954 1853 eut
970 1801 1017 1856 er'·

79 1894 174 1938 entur.
530 1876 627 1944 revit,
649 1888 703 1934 eut
726 1871 880 1936 historiam
899 1875 1018 1956 specio·

79 1974 149 2020 »rtur
160 1957 286 2043 plausu]
324 1960 476 2041 interpro-
530 1953 565 2017 so
601 1976 662 2018 nee
695 1972 802 2022 tamen
845 1959 1018 2026 necessario

81 2051 224 2129 rexiguo
245 2065 283 2105 ee
297 2047 399 2116 temti,
419 2041 474 2128 qui
528 2042 695 2103 mendacio
726 2064 877 2106 exeruere
898 2046 1016 2124 voluit;

79 2132 258 2193 :audiretuu
299 2125 414 2189 Forsm
428 2142 475 2187 te·
530 2128 689 2189 Ciceronis
728 2145 812 2191 certe
846 2137 1018 2196 narrationi

92 2215 135 2278 est
153 2221 175 2277 i.
197 2235 228 2299 q,
253 2215 385 2273 extincto
411 2209 473 2272 scil.
529 2212 563 2276 td
579 2228 688 2294 aperte
705 2230 869 2297 repugnat.

79 2299 244 2382 seustuquo
256 2297 373 2378 Diphili
388 2313 473 2357 acto·
571 2299 685 2356 inimici
709 2299 815 2382 erant]
858 2299 1017 2366 Caesaret

82 2402 127 2447 cte
153 2400 281 2465 excepte
305 2398 410 2457 erent,
429 2384 473 2443 ite
529 2383 696 2464 Pompeius
733 2404 908 2467 eorumque
940 2384 1017 2448 esse·

79 2491 133 2530 tum
147 2467 259 2532 Caesar
274 2489 316 2529 eo
330 2467 475 2527 obmute·
531 2468 605 2529 clee.

79 2553 247 2627 evenisset,
266 2572 325 2615 nec
336 2551 400 2634 ipse
415 2573 474 2612 no·
571 2553 664 2627 trustes
680 2550 834 2636 omnibus]
872 2551 1013 2616 universo

79 2639 156 2702 seusu
178 2643 387 2720 exciperetur,
407 2655 474 2697 uon
528 2637 664 2719 populo.

79 2723 191 2786 mosset
207 2721 475 2808 quodillemolo·
574 2719 695 2798 Rosciae
730 2726 793 2802 legi
827 2723 917 2780 etium
942 2722 1015 2793 fru-

82 2827 158 2883 rtet,
179 2807 359 2890 praesertim
377 2829 472 2888 quum
530 2811 693 2866 meritoriae
708 2807 939 2891 minitabantur]
982 2808 1014 2870 se

79 2901 121 2957 >ni
135 2916 208 2955 mox
231 2890 368 2954 insecuto
384 2893 474 2973 pluu·
530 2892 737 2975 abrogeturos
758 2912 824 2954 nou
837 2894 935 2953 modo
949 2893 1016 2954 Ro·

79 2979 148 3045 rsset.
528 2977 620 3038 scium
632 2978 752 3059 legem,
776 2999 858 3059 quae
873 2979 948 3052 XlV
962 3000 1014 3040 or.

79 3067 97 3123 Tc
113 3072 156 3125 ita
168 3062 361 3146 plausumest]
384 3062 474 3144 quod
530 3064 617 3124 dinee
644 3065 677 3122 in
704 3060 827 3124 theatro
857 3063 1013 3143 equitibus

103 3152 238 3212 Caesarie
272 3167 302 3211 et
332 3151 473 3228 Pompeii
531 3147 677 3219 dedisset,
701 3147 1014 3212 sedetiemsrumeu·

79 3258 114 3296 tm
129 3239 302 3319 potentiam
317 3233 414 3295 libere
427 3237 474 3294 in·
528 3238 637 3295 terium
647 3275 657 3305 ,
678 3254 760 3313 quae
778 3233 817 3292 ed
839 3233 1013 3294 universum

79 3338 156 3382 retur
171 3344 222 3402 ep.
239 3329 290 3399 44·
528 3319 682 3398 pannium
696 3316 890 3397 pertinebat,
917 3340 1014 3399 quem

80 3429 169 3483 prtem
206 3409 246 3462 ad
278 3401 471 3484 Pompeium]
528 3404 596 3464 eC.
613 3402 1014 3482 SempronioGrecchole·

80 3497 133 3552 nim
158 3494 326 3570 Pompeius
345 3506 408 3548 tum
428 3493 472 3548 iu·
528 3503 592 3547 tem
621 3487 736 3548 deinde
763 3508 780 3547 e
808 3488 853 3546 tt.
879 3490 1012 3550 Octavio

80 3579 114 3636 X
133 3581 215 3636 viror
236 3596 313 3659 egro
339 3575 472 3650 Campe·
530 3573 712 3654 abrogatum
725 3569 832 3650 possea
846 3571 896 3632 lex
914 3571 1013 3653 Cassia

80 3660 242 3722 lividundo
284 3657 470 3718 versabatur.
528 3659 674 3718 Terentia
689 3655 834 3729 restituit,
853 3672 889 3718 ut
907 3656 1015 3738 popu·

83 3766 102 3808 ο
133 3750 215 3808 euim
244 3743 309 3826 ipse
335 3743 472 3830 iutepsuit
526 3742 560 3804 lo
597 3740 706 3821 singuli
735 3744 879 3801 immenti
914 3744 1013 3804 modii

80 3833 146 3904 ndis,
174 3845 205 3891 et
228 3828 469 3913 quoquleriur
526 3823 691 3888 semissibus
719 3841 751 3887 et
777 3825 955 3898 trientibus,
990 3831 1015 3892 i,

80 3938 142 3977 mur
163 3920 223 3988 eit,
248 3912 409 3993 Diphilum
425 3913 471 3970 tli-
528 3927 556 3974 e'.
577 3910 762 3974 sextantibus
795 3912 1012 3979 venderentur.

89 4003 314 4079 iuPempeium
330 3995 469 4061 menibus
526 3995 647 4057 Manet.

80 4082 293 4160 renuntiasse,
321 4088 354 4145 in
375 4103 415 4143 eo
436 4098 471 4142 ut
567 4084 726 4159 quoderat
739 4080 904 4159 susceptum
921 4081 956 4137 ab
976 4079 1012 4141 t'l·
