2506 4808
122 329 189 396 aon
331 296 646 435 aeasroen
687 300 903 397 xxxv'n.

121 525 214 582 ctare
231 534 302 578 non
316 509 437 600 placet.
491 510 548 578 Est
570 519 659 578 enim
675 512 896 597 ὑποσὸλοικον,
927 520 1113 604 quumvelir

120 621 226 683 vitare
249 619 402 679 omnium
424 611 621 679 deliciarum
645 614 881 704 suspicionem,
908 636 1049 709 repente
1068 612 1113 691 a'le

120 719 299 804 φαίνεσθαι
316 737 387 779 non
408 714 512 780 solum
528 714 691 791 delicate,
718 715 772 781 sed
797 725 899 784 etiam
922 728 1036 812 inepte
1051 747 1113 814 pen

91 814 96 823 ⁸
119 827 325 912 grinantem.
372 814 484 907 Quare
500 838 608 899 usque
626 817 666 880 ad
682 840 763 883 non.
787 819 869 885 Mai.
885 835 920 886 te
943 830 980 888 in
1000 824 1113 892 Formia

118 944 165 986 no
184 919 397 1008 exspectabo.
441 916 541 981 Nune
555 916 625 990 fac,
645 929 684 980 ut
698 918 815 994 sciam,
838 944 905 1008 quo
922 922 977 987 die
997 937 1031 990 te
1045 908 1113 993 risui

119 1019 231 1085 limus.
274 1019 330 1083 Ab
344 1016 448 1106 Appii
463 1018 569 1090 Foro,
588 1015 671 1081 hora
686 1032 815 1104 quarta.
855 1022 1031 1091 Dederam
1047 1029 1113 1094 aliar

118 1123 220 1219 paulo
245 1133 322 1187 ante
339 1118 471 1185 Tribus
490 1116 676 1186 Tabernis.

182 1321 460 1395 EPISTOLA
491 1321 716 1396 XXXVIII.
776 1325 892 1414 (Att.
924 1331 975 1398 ΙΙ.
1006 1326 1098 1424 ιι.)ι

243 1490 309 1552 Ser.
331 1491 365 1550 in
379 1487 548 1551 Formiano
571 1487 675 1551 mense
690 1490 767 1572 Apr.
783 1490 820 1554 A.
836 1492 876 1556 U.
894 1493 930 1554 C.
948 1495 1021 1576 695.

117 1639 213 1717 Petit,
248 1642 390 1724 quoniam
414 1642 444 1698 in
477 1634 655 1717 Formiano,
696 1644 765 1718 quid
796 1665 896 1702 rerum
920 1641 1034 1706 Romae
1053 1669 1113 1729 gere

158 1757 225 1818 tur,
248 1739 322 1814 fere
345 1744 469 1819 nesciat,
498 1752 531 1801 ut
545 1744 604 1820 fibi
623 1745 777 1822 epistolam
792 1748 913 1822 plenam
932 1760 1063 1811 actorum
1075 1772 1110 1828 op

157 1850 332 1926 arianumque
350 1847 474 1923 suarum
505 1847 616 1909 mittat.

343 2025 547 2095 CICERO
588 2025 831 2104 ATTICO,
873 2027 912 2098 S.

198 2184 310 2250 Narro
330 2185 410 2262 tibi;
441 2182 540 2269 plane
564 2181 735 2269 relegatus
760 2180 845 2248 mihi
865 2183 1004 2259 videor,
1026 2182 1113 2272 postea

116 2307 216 2370 quam
229 2291 265 2350 in
288 2285 470 2348 Formiano
488 2282 570 2347 suin.
618 2284 703 2351 Dies
724 2290 814 2348 enim
830 2279 943 2349 nullus
963 2298 1048 2358 erat,
1065 2283 1113 2347 An·

114 2394 154 2452 tii
177 2411 281 2472 quum
307 2384 425 2459 essem,
456 2407 522 2467 quo
548 2385 602 2447 die
617 2408 688 2449 non
708 2384 828 2448 melius
845 2383 983 2460 scirem,
1013 2387 1113 2450 Romae

115 2489 195 2572 quid
210 2500 385 2574 ageretur,
413 2505 511 2569 qutun
526 2489 550 2548 ii
565 2491 622 2568 qui
640 2498 736 2549 erant
757 2484 899 2550 Romae.
952 2489 1075 2552 Etenim
1089 2483 1113 2546 li·

114 2602 208 2652 terae
223 2587 317 2662 tuae,
338 2610 409 2650 non
424 2587 530 2650 lolurn
548 2586 628 2668 quid
644 2585 793 2660 Romae,
818 2586 874 2650 led
893 2595 994 2653 etiam
1012 2589 1080 2675 quid
1090 2590 1113 2650 iu

112 2689 325 2776 republica,
359 2710 469 2772 neque
490 2686 596 2750 solum
627 2687 707 2769 quid
738 2682 853 2761 fieret,
892 2712 1012 2755 verum
1038 2697 1113 2755 etiam

113 2792 195 2876 'quid
220 2790 375 2856 futurum
405 2788 504 2862 ellet,
528 2788 734 2852 indicabant.
785 2786 904 2861 Nunc,
933 2789 992 2856 nili
1016 2784 1113 2875 liquid

114 2914 158 2956 ex
184 2903 423 2981 praetereunte
439 2895 565 2955 viatore
583 2900 764 2975 exceptum
780 2888 837 2961 est,
858 2887 941 2953 scire
964 2891 1047 2957 nihil
1065 2885 1113 2979 pol·

112 2991 238 3057 sumus.
281 2991 394 3081 Quare
410 3010 610 3074 quamquam
624 2995 690 3052 iam
709 2988 864 3076 teipsum
886 2989 1058 3080 exspecto,
1084 3003 1113 3053 ta

112 3114 193 3157 men
215 3091 269 3155 ilti
290 3115 416 3178 puero,
441 3112 539 3174 quern
557 3088 598 3152 ad
613 3111 665 3152 me
680 3089 790 3153 statim
802 3089 872 3154 iulii
889 3114 1070 3166 recurrere,
1087 3090 1113 3154 da

112 3191 334 3282 ponderosam
360 3193 505 3276 aliquam
528 3188 715 3278 epistolam,
735 3189 870 3278 plenam
891 3200 1042 3260 omnium
1064 3210 1113 3258 nou

110 3295 217 3360 modo
234 3307 397 3366 actorum,
413 3291 584 3356 sedetiam
599 3296 796 3378 opinionum
810 3305 946 3360 tuarum
952 3317 963 3378 ;
985 3319 1023 3361 ac
1036 3295 1113 3364 dieu

114 3416 181 3481 quo
197 3394 306 3460 Roma
322 3393 362 3458 sis
377 3400 543 3466 exiturum
567 3413 647 3457 cura
660 3404 699 3455 ut
711 3389 822 3456 iciam.

113 3762 195 3824 quoe
220 3739 324 3801 Tullia
348 3737 486 3820 spectare
511 3734 598 3798 vole·
698 3732 817 3817 inepte]
861 3735 945 3814 Quia
961 3739 1017 3796 viri
1031 3748 1113 3820 gratu

107 3825 178 3919 nbat,
194 3847 243 3907 ep.
256 3836 309 3904 54.
654 3817 765 3892 ludos,
809 3830 844 3877 ut
866 3825 1000 3900 ineptias
1032 3831 1113 3881 ceute·

156 3906 372 3990 ὑποσάλοικον]
429 3899 598 3965 Subabsnr·
654 3901 927 3966 mneresolebent.
960 3895 1113 3989 Cf.Ep.d

112 3994 188 4057 dum
224 4012 256 4056 et
287 4015 400 4078 parum
437 3988 599 4053 conlema·
654 3988 823 4062 Famffll.
840 4007 868 4049 1.

111 4099 216 4143 neum.
274 4098 277 4103 ·
329 4135 333 4142 .
