2580 4792
395 308 677 380 EPISTOLA
716 308 869 378 XXIX.
1081 325 1143 389 161

120 518 275 579 tormen,
297 501 368 567 tibi
389 496 457 587 ipsa
476 496 533 562 illa
552 498 667 587 putavi
683 497 759 562 sore
777 497 987 564 iucundiora.
1031 502 1146 593 Quare
1219 500 1223 510 '

122 605 270 673 finthaec
288 600 520 668 fundamenta
536 600 712 688 dignitatis
735 610 829 662 tuae:
853 611 912 663 tua
932 607 1081 688 primum
1098 609 1146 669 in·

123 715 275 798 tegritas,
299 716 337 767 et
361 704 587 781 continentia3
612 699 735 762 deinde
757 707 927 775 omnium,
949 708 1006 784 qui
1029 717 1144 770 tecum

123 812 203 886 snut,
220 807 359 900 pudor;
383 800 539 865 delectus
563 807 599 864 in
622 799 928 876 familiaritatibus,
957 816 991 866 et
1011 813 1146 891 provin·

125 911 242 975 cialium
264 907 470 976 hominum,
489 902 530 965 'et
552 900 783 973 Graecorum,
810 914 993 987 percautus
1018 917 1054 969 et
1076 906 1147 971 dili·

127 1033 215 1101 geus3
239 1005 393 1075 familiae
412 1009 525 1092 gravis
547 1015 580 1065 et
605 1000 760 1064 constans
779 1000 961 1088 disciplina.

196 1110 294 1201 Quae
317 1127 424 1191 quum
446 1102 587 1168 honesta
610 1099 672 1163 sint
695 1105 732 1163 in
753 1098 807 1165 his
830 1108 971 1189 privatis
999 1105 1176 1208 nostrie,7

129 1212 390 1297 quotidianisque
411 1206 617 1270 rationibus:
639 1206 675 1263 in
697 1212 793 1264 tanto
813 1208 976 1292 imperio,
998 1219 1069 1270 tam
1091 1209 1148 1273 de-

131 1318 260 1401 pravatis
284 1310 463 1381 moribus,
501 1319 571 1368 tam
597 1307 814 1389 corruptrice
837 1310 1032 1391 provincia,
1066 1309 1149 1376 divi-

132 1412 353 1478 navideantur
368 1405 502 1472 necesse
520 1402 578 1468 est.
619 1400 713 1465 Haec
735 1402 922 1479 institutio,
941 1418 1041 1491 atque
1054 1407 1146 1475 thaec

135 1511 288 1601 disciplina
309 1508 424 1598 potest
446 1506 606 1571 sustinere
627 1507 662 1564 in
679 1502 784 1565 rebus
808 1503 1015 1583 statrrendiS‚
1038 1523 1073 1574 et
1092 1511 1148 1576 de·

136 1613 299 1679 cernendis
322 1633 397 1675 eam
419 1608 737 1695 severitatemiqna
759 1616 799 1667 tu
819 1609 855 1668 in
875 1610 918 1670 iis
943 1611 1049 1675 rebus
1067 1610 1146 1679 usus

138 1738 180 1793 es,
208 1714 398 1798 exquibus
422 1702 600 1775 nonnullas
624 1702 808 1769 simultates
834 1729 912 1771 cum
931 1731 1054 1797 magna
1072 1735 1149 1778 mea

85 1834 92 1909 5'
138 1816 241 1881 laetitia
256 1813 428 1901 susceptas
443 1809 621 1873 habemus.
665 1804 733 1871 Nisi
755 1807 847 1870 sorte
869 1830 923 1871 me
937 1808 1074 1876 Paeonii
1091 1836 1149 1877 ne·
1221 1822 1224 1827 '

85 1913 87 1919 ’
140 1920 191 1984 scio
207 1921 325 1988 cuius,
346 1912 495 1977 hominis
521 1931 564 1973 ne
582 1907 704 1971 Graeci
730 1906 886 1989 quidem,
905 1922 938 1972 at
953 1910 1051 2002 ltiysri
1091 1928 1149 1977 aut

141 2017 420 2111 Phrygis.potiuS‚
441 2008 588 2094 querelis
608 2013 739 2072 nroveri
758 2020 877 2095 putas,
898 2025 954 2074 aut
969 2010 1150 2089 Tuscenii,

141 2116 264 2185 hominis
288 2110 427 2186 furiosi,
448 2133 485 2175 ac
508 2109 633 2175 sordidi
655 2108 819 2181 vocibus,
843 2115 940 2175 cuius
963 2125 1003 2175 tu
1026 2136 1068 2176 ex
1088 2108 1148 2179 im·¹

143 2217 297 2308 purissimis
330 2214 489 2280 faucibus
517 2205 812 2274 inhonestissimam
839 2212 1060 2301 cupiditatem
1088 2224 1151 2281 eri·

144 2321 219 2408 peisti
236 2320 367 2385 summa
387 2336 465 2378 cum
490 2316 668 2393 aequitate.
709 2309 823 2385 Haec,
856 2325 891 2376 et
916 2328 1031 2378 cetera
1051 2317 1150 2404 plena

145 2419 329 2493 severitatis,
348 2435 434 2499 quae
458 2407 597 2477 statuisti
615 2417 651 2473 in
672 2409 733 2474 ista
745 2418 938 2499 provincia,
958 2438 1028 2478 non
1049 2419 1150 2485 facile

145 2517 193 2586 ine
212 2521 339 2586 summa
359 2521 558 2601 integritate
571 2511 828 2577 sustineremus.
872 2514 989 2603 Quare
1008 2515 1047 2578 fit
1066 2517 1152 2581 surn-

147 2643 185 2685 rna
199 2627 231 2688 in
247 2626 326 2686 iure
349 2615 499 2678 dicundo
524 2613 704 2686 severitas,
726 2613 910 2680 dummodo
934 2639 972 2679 ea
988 2640 1031 2681 ne
1048 2624 1154 2683 varie·

107 2734 110 2741 '
148 2733 186 2788 tur
212 2727 337 2813 gratia,
369 2715 428 2780 sed
452 2714 672 2780 conservetur
699 2715 894 2798 aequabilis.
939 2716 1010 2783 Sed
1037 2732 1153 2784 tamen

147 2830 216 2908 parvi
236 2821 350 2888 refert
375 2818 436 2880 abs
458 2829 493 2878 te
515 2813 584 2902 ipso
607 2820 659 2878 ius
684 2815 751 2878 dici
774 2817 1011 2900 aequabiliter,
1031 2834 1065 2884 et
1082 2820 1154 2885 dili·

125 2978 128 2987 .
147 2937 264 3009 genter,
285 2918 346 2985 nisi
370 2916 463 2981 idem
481 2917 521 2978 ab
542 2921 585 2979 iis
608 2912 686 2987 fiet,
709 2917 831 2997 quibus
854 2930 892 2981 tu
911 2925 981 2982 eius
998 2927 1151 2987 muneris

146 3023 264 3110 aliquam
295 3031 432 3109 partem
459 3015 673 3081 concesseris.
715 3016 769 3081 Ac
795 3017 879 3084 rnilri
902 3021 1038 3103 quidem
1062 3023 1153 3087 vide

145 3135 185 3190 tur
202 3149 269 3190 non
284 3123 361 3187 sane
378 3139 500 3206 magna
516 3123 660 3183 varietas
685 3117 749 3181 esse
764 3126 980 3207 negotiorum
1000 3128 1035 3187 in
1051 3125 1153 3190 admi-

143 3219 411 3292 nistrandaAi1a‚
432 3217 489 3281 sed
506 3241 544 3282 ea
559 3232 632 3283 tota
653 3219 891 3285 iurisdictione
913 3230 1059 3290 maxime
1085 3224 1154 3292 sus·
1261 3252 1263 3265 ·

137 3331 233 3394 tuni.
277 3326 319 3390 In
343 3342 411 3405 qua
433 3318 590 3382 scientiae
608 3318 809 3407 praesertim
828 3324 1045 3408 provincialis
1068 3310 1154 3395 ratio

172 3566 247 3650 ipsa]
269 3566 322 3625 Sic
341 3557 469 3622 Ursinus
492 3561 613 3639 optime
670 3558 798 3638 quidam
822 3557 979 3625 «substitui
1017 3567 1156 3635 voluere.

143 3661 264 3714 torruit.
306 3648 417 3729 Vulgo
441 3646 522 3704 male
549 3644 613 3719 ipsi.
668 3642 948 3711 Nonestueceffo.
988 3652 1071 3712 Nem
1090 3654 1159 3715 lere

173 3757 197 3816 7.
226 3737 413 3811 corruptrice
431 3722 614 3809 'provincia]
669 3729 752 3787 idern
775 3727 817 3793 est
836 3748 946 3812 tropus
968 3737 1001 3796 in
1020 3753 1159 3819 utroque

144 3817 176 3880 ob
197 3822 332 3891 divitias,
366 3816 492 3889 luxum,
512 3812 615 3874 molli·
671 3812 779 3875 verbo.
836 3812 963 3892 Ernesti.

146 3911 202 3964 tien
219 3905 395 3968 hominum.
705 3898 849 3974 scientiae
881 3904 1057 3979 pracsertim
1088 3928 1158 3982 pro-

175 3991 367 4051 iarisdictiorzi
399 4018 432 4035 -
453 3979 615 4065 sustineri]
671 3983 829 4066 vinciaiis]
849 3988 930 4047 Nam
946 4005 977 4049 et
990 3990 1113 4051 Romae
1127 4007 1160 4052 et

85 4156 87 4169 Ι
146 4065 267 4138 {liutius
316 4069 488 4141 contineri,
528 4074 616 4153 quod
671 4071 705 4131 in
728 4075 894 4152 provinciis
923 4093 961 4132 ex
983 4075 1087 4136 edicto
1111 4079 1160 4138 ius'

85 4186 87 4201 ·
179 4172 318 4263 crisipi.
343 4190 422 4242 rom.
443 4182 489 4238 r.·
549 4188 552 4193 ·
1029 4169 1058 4233 L
1137 4204 1139 4207 ·
