2506 4808
156 350 219 417 260
389 334 677 413 ttttsTOLA
726 339 964 413 CXLVIII·

155 532 257 605 dam,
291 549 375 614 quas
395 528 591 595 Menocrito
613 527 720 608 dab03
756 549 868 613 neque
889 535 941 595 ita
967 528 1130 612 multae3
1170 549 1210 594 ne
1252 533 1253 588 l

156 629 384 723 pertimescas.
428 625 554 718 script
582 634 685 697 etiarn
712 634 812 711 (nam
842 633 885 694 ub
908 634 1146 699 orationibus
1168 629 1208 695 di·

156 743 263 824 iungo
289 754 345 800 me
372 735 463 809 fere,
508 732 688 815 referoque
719 731 763 797 ad
789 731 1049 798 mansuetiores
1079 728 1205 799 Musas:

155 859 245 924 quae
261 860 317 903 me
330 843 497 908 maxime,
516 835 682 902 seutiam
696 841 837 920 aprima
852 831 1107 908 adolescentia,
1124 831 1204 899 dele·

159 946 277 1027 ctant)
289 935 399 1027 scripsi
413 934 734 1026 igiturAristoteleo
750 957 867 1010 more,
888 956 997 1020 quem
1008 934 1204 1001 admodum

159 1043 301 1127 quidem
315 1041 423 1113 uolui,
446 1051 517 1103 tres
539 1036 650 1103 libros
670 1042 708 1103 in
725 1037 977 1122 disputatione,
1000 1059 1047 1102 ac
1075 1038 1203 1120 dialogo

158 1142 204 1209 de
219 1140 386 1216 Oratore,
411 1160 497 1225 quos
513 1142 660 1205 arbitror
673 1137 820 1204 Lentulo
835 1151 896 1204 tuo
912 1140 990 1205 iore
1013 1163 1093 1206 non
1112 1145 1202 1206 inuti·

159 1243 223 1310 les.
266 1242 471 1311 Abhorrent
497 1247 588 1307 enim
615 1261 635 1305 a
658 1243 896 1307 communibus
916 1249 1145 1331 praeceptis:
1175 1256 1202 1306 et

159 1366 298 1413 omnem
319 1349 553 1426 antiquorum,
587 1353 622 1407 et
643 1340 901 1417 Aristoteleam,
934 1357 973 1408 et
992 1341 1201 1410 Isocratem

159 1451 327 1513 rationem
340 1447 522 1509 oratoriam
536 1442 817 1529 complectuntur.
853 1441 982 1530 Scripsi
1008 1450 1124 1509 etiarn
1138 1466 1199 1513 rer.

160 1543 250 1613 sibus
271 1557 340 1611 tres
358 1544 467 1613 libros
488 1546 532 1611 de
548 1545 761 1633 temporibus
782 1547 885 1610 meir:
925 1566 1019 1629 quos
1044 1550 1121 1612 iam
1141 1551 1200 1636 pri·

160 1790 345 1909 lliloelio,
367 1852 464 1918 atqua
479 1840 574 1899 etiam
589 1855 652 1916 pro
706 1832 796 1916 quod
808 1832 969 1895 reseratur.
1017 1839 1056 1899 si
1071 1843 1145 1921 qni.
1162 1853 1199 1901 tt·

162 1922 202 1983 A·
225 1919 380 1994 Gabinio,
416 1942 513 2004 quem
536 1935 652 2005 rogatu
705 1939 781 1980 rnen
807 1918 886 1993 ficut
909 1917 1041 1994 deleat,
1081 1927 1199 1985 delecte

161 1994 306 2085 Pompeii
324 2003 387 2066 hoc
403 2027 487 2068 anno
501 2005 652 2079 defendit,
706 2013 776 2062 runt
790 1999 971 2065 seruandum
995 2024 1130 2090 putem.
1153 2004 1199 2068 Er·

163 2105 200 2150 ttt
226 2111 264 2150 ex
291 2090 395 2152 Diona
421 2091 475 2151 lib.
498 2091 649 2152 XXXlX.
706 2089 789 2165 nesti.

164 2188 249 2234 etex
264 2194 336 2256 epp.
353 2177 394 2236 ad
410 2179 545 2236 Atticum
562 2189 595 2235 et
610 2173 652 2235 ad
749 2171 926 2251 Aristotelen
952 2176 1070 2263 more]
1090 2197 1200 2260 nempe

165 2258 207 2339 Q.
215 2259 353 2320 Fratrem
363 2260 552 2345 intelligitur.
562 2255 651 2321 Man.
707 2265 780 2340 quia
793 2257 968 2323 Aristotelea
984 2267 1091 2324 etiarn
1108 2265 1200 2326 dialo-

164 2341 350 2406 Notandum
362 2343 497 2407 vercell
512 2343 652 2406 berora-
707 2364 766 2428 goe
787 2342 961 2426 scripserat,
983 2367 1117 2432 eoaque
1135 2370 1200 2431 pro·

165 2432 268 2491 tiouet
290 2449 400 2492 omnca
418 2430 545 2512 quidem
566 2427 653 2491 hebi·
708 2433 818 2493 oemiia
848 2446 986 2493 ornaret.
1037 2433 1200 2497 Platonico

165 2528 212 2574 tae
245 2509 323 2586 elle,
362 2535 402 2577 en
434 2535 544 2576 ornnea
575 2534 651 2575 vero
708 2534 799 2574 more
818 2512 921 2576 elicere
944 2515 1035 2577 haud
1059 2535 1197 2600 poterat,

166 2603 259 2658 etiam
292 2595 424 2681 scriptae
452 2596 526 2674 fint,
567 2597 653 2660 haud
708 2603 858 2681 quoniam
872 2600 1038 2684 longiores
1052 2602 1132 2666 istae
1150 2606 1199 2665 dir·

166 2679 316 2744 contuse.
708 2687 886 2766 putationea
908 2689 940 2746 in
960 2684 1054 2749 libria
1070 2690 1113 2750 da
1130 2691 1199 2750 Ora·

164 2767 168 2779 '
208 2786 245 2825 ne
266 2763 478 2851 pertimescas]
508 2765 652 2847 plerique
708 2784 780 2830 tora
799 2769 967 2831 aPlatonir
987 2777 1123 2835 ratione
1143 2777 1198 2834 dia·

163 2866 238 2911 vett.
254 2851 323 2913 libri
337 2852 390 2913 scr.
407 2868 439 2914 et
453 2853 526 2911 edd.
543 2863 651 2926 utper·
707 2853 800 2936 logor
821 2856 1010 2917 informandi
1032 2859 1132 2921 valde
1148 2861 1198 2920 dia·

164 2937 306 3012 timescat.
339 2939 401 2998 Sed
416 2959 453 2996 ne
467 2933 511 2995 est
524 2937 652 2998 lacetiue
707 2954 845 3018 crepant.

162 3036 196 3081 et
209 3022 327 3083 melina.
355 3021 523 3084 SicetMr.
537 3019 651 3084 noster.
750 3035 779 3082 et
819 3021 955 3106 omnem]
1014 3027 1133 3115 Vulgo
1169 3050 1196 3088 ac

165 3100 295 3181 Ernesti.
707 3129 842 3182 omnem,
875 3107 967 3168 mele.
1034 3114 1106 3195 Qui
1134 3116 1198 3175 alibi

207 3186 355 3272 diiungo]
378 3191 436 3250 llic
450 3204 534 3251 recta
554 3191 650 3249 diiun·
708 3213 887 3264 correxere,
903 3192 952 3253 hic
965 3208 1089 3262 tacent.
1112 3202 1196 3261 Nem·

161 3291 206 3353 8⁰
235 3297 297 3357 pro
322 3278 460 3353 disiunge
491 3292 652 3355 receptum
707 3297 750 3356 pc
776 3282 934 3338 monitore
961 3277 1079 3362 aliquo
1101 3302 1197 3347 vetere

165 3357 226 3431 est,
248 3362 336 3442 quod
358 3377 389 3420 et
402 3364 463 3420 Me.
480 3358 584 3420 noller
599 3359 651 3421 ha·
706 3360 788 3422 libro
811 3362 969 3423 carebant.
1013 3365 1073 3429 Est
1100 3386 1197 3432 tmen

159 3442 218 3509 ‘bet
232 3460 263 3505 et
279 3444 385 3507 Guels.
430 3439 557 3520 Ernesti.
706 3458 737 3505 et
760 3452 793 3507 in
814 3449 874 3511 Mt.
901 3444 1012 3510 nostro
1040 3469 1077 3521 et
1100 3456 1197 3519 Guels.

200 3526 371 3612 delectant]
410 3527 538 3590 Rellitni
568 3542 653 3587 vete·
706 3547 738 3593 et
759 3532 829 3591 edd.
845 3554 891 3612 pr.
936 3526 1075 3609 Ernesti.

158 3633 229 3675 rem
251 3614 435 3686 lectionem,
459 3619 508 3672 cui
523 3615 650 3670 delecta·
746 3615 953 3694 Aristotelem
964 3629 995 3676 et
1005 3614 1200 3710 Unci-meam]

159 3711 250 3772 eunt,
272 3698 324 3761 sed
336 3720 354 3758 e
367 3699 457 3758 bonit
471 3697 567 3770 libris,
583 3695 650 3757 sub·
706 3700 938 3762 adlsocretenm
947 3714 1201 3794 praecipneper·

161 3778 300 3845 stitutum
345 3799 421 3843 eret.
487 3779 650 3842 Manifeste
706 3791 805 3847 tinent
820 3807 901 3868 quae
915 3788 956 3847 de
973 3791 1202 3871 collocatione,

157 3869 290 3930 uerbum
312 3868 353 3927 ad
374 3864 566 3947 praesentem
592 3864 649 3927 lle·
703 3890 743 3931 ac
758 3872 853 3933 modo
869 3887 900 3932 ct
911 3873 1018 3937 forma
1032 3881 1202 3946 verborum

158 3966 228 4013 tum
243 3957 398 4034 pertinet,
419 3971 485 4012 non
501 3954 542 4011 ed
560 3971 650 4030 prae·
705 3961 737 4016 in
767 3955 848 4018 libro
876 3960 972 4021 tertio
1005 3963 1051 4026 de
1077 3986 1204 4033 omme

147 4042 298 4101 ¹teritum.
339 4037 408 4096 Nec
430 4041 473 4097 ite
500 4036 579 4113 puae
602 4058 650 4095 me
705 4041 910 4124 disputantur.

155 4138 295 4183 mune
314 4117 410 4183 habet
429 4121 578 4197 verbus,
606 4122 650 4184 ad
699 4146 723 4161 ··
804 4140 815 4156 ¹·
909 4151 932 4162 ··
1006 4138 1011 4147 ·
