2506 4808
309 326 593 398 eotsronn
650 329 837 398 cxxiv.
1021 346 1088 420 aa

63 469 367 602 emenoni
403 526 578 597 cxxiv,
617 521 822 613 (anniv.
854 523 949 598 tn.
985 529 1084 614 23.)-

58 690 183 770 Scripta
195 688 332 761 Romae,
356 709 438 750 enno
454 694 574 751 incerto
593 689 740 772 quidem,
761 686 814 750 sed
835 688 961 753 sortasse
978 707 1087 760 ¹tamen

221 792 268 871 ΛΑ.
281 791 319 851 U.
338 792 373 852 C.
388 796 459 874 698.
479 787 551 870 post
565 791 699 852 reditum
713 812 750 853 ex
763 793 914 872 Arpinati.
950 796 956 803 “
1043 822 1049 833 ·

63 939 115 1000 De
127 943 226 1020 fignis
247 965 266 1000 a
282 938 371 1001 Gallo
394 940 531 1002 Ciceroni
552 947 660 1020 emptis
683 967 711 1007 1.
755 945 900 1003 dedomo
924 949 960 1003 ab
978 964 1012 1002 eo
1028 940 1088 1002 Ro·

105 1067 172 1104 mae
190 1057 305 1122 coapto,
327 1047 406 1103 utin
427 1048 535 1104 vicinia
557 1042 707 1105 Ciceronis
731 1048 877 1104 habitaret
896 1068 925 1107 2.

185 1225 389 1294 CICERO
423 1227 460 1294 S·
490 1228 536 1292 D.
562 1226 727 1336 ΕΑΒΙΟ
762 1226 963 1295 GALLO.

145 1375 297 1445 Tantum
313 1380 403 1463 quod
417 1403 459 1444 ex
472 1378 631 1469 Arpinati
645 1405 823 1457 veneram,
846 1403 949 1464 quum
969 1376 1052 1444 milii
1069 1400 1090 1445 a

61 1493 97 1545 te
116 1479 234 1545 literae
254 1479 408 1544 redditae
429 1480 520 1546 sunt:
558 1485 598 1547 ab
622 1485 809 1567 eodemque
831 1489 945 1571 accepi
966 1483 1091 1548 Aviani

61 1581 196 1666 literas3
216 1589 252 1648 in
268 1583 393 1668 quibus
406 1581 471 1647 hoc
487 1589 596 1649 inerat
609 1583 885 1659 liberalissimum,
908 1581 1091 1648 nominale

61 1684 249 1758 facturum,
279 1707 381 1768 quum
402 1682 556 1759 venisset,
581 1672 727 1775 quaego
751 1688 873 1752 vellem
899 1686 964 1749 die.
1006 1686 1091 1760 Fac,

63 1784 199 1868 quaeso,
223 1790 279 1869 qui
302 1808 364 1872 ego
386 1782 477 1859 sum,
497 1783 560 1849 esse
578 1798 624 1873 te.
668 1787 767 1854 Estne
789 1803 845 1852 aut
864 1792 914 1853 tui
935 1786 1093 1874 pudoris,

63 1901 121 1952 aut
135 1884 255 1960 nostri,
277 1893 423 1973 primum
442 1909 561 1974 rogare
583 1886 626 1952 de
644 1875 721 1953 die:¹
737 1887 859 1952 deinde
881 1888 956 1975 plus
975 1888 1092 1950 ‘annua

12 2059 15 2063 ,
61 1986 254 2079 postulare?
286 1987 357 2055 Sed
383 1985 505 2061 essent,
529 1995 576 2052 mi
595 1983 704 2063 Galle,
733 1995 847 2054 omnia
866 1989 993 2062 facilia,
1014 1986 1035 2050 fi
1057 2001 1094 2052 et

64 2114 103 2156 ea
124 2104 294 2156 mercatus
318 2086 418 2161 esses,
439 2111 522 2172 qnae
547 2112 610 2176 ego
635 2087 881 2166 desiderabam,
904 2105 938 2155 et
961 2090 1002 2154 ad
1018 2112 1093 2155 eam

62 2194 241 2266 summam,
278 2213 376 2274 quam
399 2191 582 2255 volueram.
626 2187 790 2263 Attamen
808 2191 868 2256 ista
890 2191 973 2280 ipsa,
1009 2213 1093 2276 quae

63 2310 97 2360 te
113 2296 225 2360 emisse
240 2294 376 2365 scribiS,
399 2314 467 2354 non
482 2290 588 2355 solum
602 2305 673 2356 rata
689 2291 771 2357 mihi
788 2306 897 2366 erant,
922 2292 1094 2356 sedetiam

64 2410 171 2485 grata.
214 2394 315 2459 Plane
332 2398 420 2455 enim
442 2391 612 2480 intelligo,
632 2406 665 2456 te
681 2417 750 2458 non
769 2396 871 2458 modo
887 2393 1016 2467 studio,
1037 2393 1092 2457 sed

65 2504 165 2561 etiam
180 2518 294 2559 amore
311 2493 426 2565 ulum,
452 2513 536 2575 quae
553 2508 586 2558 te
604 2494 819 2569 delectarint,
840 2494 1032 2568 hominem,
1054 2507 1094 2558 ut

65 2623 127 2688 ego
141 2599 273 2687 semper
286 2599 450 2669 iudicavi,
484 2600 520 2658 in
537 2602 631 2660 omni
650 2597 777 2661 iudicio
799 2595 1094 2685 elegantissimum,

448 2839 717 2853 m

26 3058 27 3061 ,
106 2995 199 3079 Epill.
215 2997 357 3059 CXXIV.
390 2994 554 3080 1.Aviani]
611 2995 707 3078 phum
754 2998 897 3059 Ciceroni
941 2998 1098 3062 missurum

64 3083 216 3156 statuarii3
241 3085 281 3141 de
303 3103 342 3141 eo
367 3097 397 3140 et
412 3103 483 3143 voro
499 3104 554 3144 no·
612 3080 806 3155 ostenderat,
834 3089 877 3143 ita
896 3102 930 3146 ut
955 3090 1100 3148 Ciceroni

64 3173 154 3228 minis
181 3166 327 3246 scriptura
350 3169 556 3249 Cannegieter
579 3189 582 3198 ·
611 3164 668 3246 ipsi
695 3174 907 3248 permitteret,
953 3194 1018 3252 quo
1048 3172 1109 3232 die*

66 3250 131 3313 diss.
149 3254 188 3312 de
203 3268 304 3311 aetate
321 3268 351 3310 et
365 3250 432 3311 stilo
447 3256 555 3312 Aviani
611 3258 776 3332 pecuniam
800 3253 916 3313 solvere
934 3257 1035 3318 vellet.

66 3361 92 3398 c.
115 3350 146 3408 3.
186 3341 240 3416 qui
261 3338 441 3416 scripturam
465 3336 555 3394 Avia·
653 3357 763 3413 rogare
783 3340 819 3394 de
841 3339 910 3421 die]
932 3340 1101 3419 <postulare

66 3427 132 3480 nior
167 3419 305 3480 vitiosam
346 3418 407 3484 else
451 3423 555 3484 docet.
612 3437 648 3480 ut
664 3420 826 3482 differatur
842 3424 907 3483 dies
932 3425 1103 3488 solutionies

68 3503 194 3583 Ernesti.
655 3511 721 3581 plus
730 3529 826 3564 annuo
833 3509 996 3591 postulare]
1008 3514 1103 3570 Nem·

109 3595 228 3648 nornine
237 3589 454 3672 sefaoteram]
472 3611 557 3650 nem·
613 3611 656 3672 pe
678 3599 772 3653 enoris
800 3593 865 3651 sere
888 3611 955 3654 eret
975 3597 1104 3657 solutio-

66 3699 109 3759 pe
131 3681 281 3749 Avienus,
317 3700 333 3734 a
362 3697 426 3757 quo
450 3677 557 3736 Gallus
613 3696 687 3737 nem
717 3699 777 3756 pro
802 3683 912 3756 emptis
940 3685 1105 3740 mercimo-

67 3765 211 3822 Ciceroni
249 3767 352 3841 pretio
390 3761 557 3820 *constituto
614 3761 758 3822 niisulna
770 3781 955 3823 annumnon
966 3761 1104 3826 differre.

66 3846 180 3907 statuas
205 3863 340 3917 emerat,
377 3852 505 3906 nomina
528 3845 559 3905 se
657 3846 767 3928 gratu]
800 3849 888 3926 quod
912 3845 1048 3908 officium
1073 3864 1105 3909 et

66 3933 219 3992 iacturam
243 3936 261 3990 i.
279 3952 306 3989 e.
330 3937 482 4011 pecuniae
505 3931 557 3989 de·
615 3930 855 3991 benivolentiam
871 3953 943 4014 erge
957 3949 1106 3994 metuam

49 4015 152 4075 'bitae
166 4015 314 4075 summam
330 4021 360 4075 in
378 4016 497 4075 tabulas
512 4037 559 4074 re·
615 4021 648 4078 ln
662 4014 708 4078 hit
726 4017 864 4079 emendis
890 4018 1034 4101 agnosce.

67 4101 222 4180 laturum,
246 4116 278 4161 et
298 4099 408 4167 herum
425 4120 561 4184 apogm·
618 4140 625 4151 ›
