2506 4808
341 304 633 375 EPISTOLA
684 305 821 375 XCII.
1057 332 1101 397 33

55 503 116 582 qui
130 495 258 569 velint,
276 498 333 579 qui
361 499 460 581 pauci
486 493 579 568 sunt,
604 510 728 558 omnes
752 514 824 557 rem
843 493 884 558 ad
901 493 1101 586 Pompeium

56 600 186 671 deferri
210 596 341 662 volunt.
407 595 557 661 Senatus
591 593 766 682 religionis
793 593 996 671 calumniam
1031 627 1101 670 non

56 701 244 789 religione,
262 693 317 762 sed
341 695 589 766 malivolentia,
611 706 646 758 et
671 690 761 758 illius
780 701 890 783 regiae
907 695 1100 789 largitionis

55 801 187 866 inuidia
211 797 426 884 comprobat.
469 794 667 883 Pompeium
694 805 728 856 et
750 791 900 872 hortari,
924 812 958 863 et
981 824 1103 879 orare,

58 915 94 966 et
111 907 179 967 iam
198 898 340 965 liberius
360 895 533 970 accusare,
552 908 587 961 et
608 914 767 969 monere,
787 909 826 962 ut
844 920 1000 987 magnam
1020 905 1103 969 insa.

56 985 161 1066 miam
177 998 301 1089 fugiat,
323 1021 392 1063 nou
409 996 608 1063 desistimus.
653 995 725 1063 Sed
741 995 840 1084 plane
856 1020 921 1064 nec
937 1006 1100 1087 precibus

438 1173 721 1203 ’w

62 1293 242 1383 gerentibus
282 1291 468 1355 Marcellino
524 1307 557 1353 et
612 1290 777 1349 ainicitiam
792 1290 908 1369 quidem
922 1295 952 1354 ei
965 1315 1002 1354 ue
1015 1298 1104 1360 dene

60 1382 230 1461 Philippo,
250 1384 270 1440 i.
281 1401 307 1440 e.
327 1379 396 1462 poli
413 1376 555 1439 Kellun.
612 1377 780 1455 ganarium
825 1398 862 1435 ne
898 1391 998 1439 tamen
1036 1405 1104 1442 eum

59 1468 132 1551 Ego
169 1461 316 1525 ellentior
348 1462 556 1534 Fenestellae,
612 1463 920 1545 multitudiuenliqua
946 1468 1080 1526 inieritis
1088 1489 1103 1539 ;

63 1570 96 1612 et
124 1551 213 1633 quod
246 1553 422 1629 antiquior,
461 1568 554 1627 qurnn
605 1545 655 1622 sin
673 1549 780 1618 aliter,
802 1559 831 1604 et
845 1551 959 1608 labores
980 1565 1009 1610 ei
1023 1558 1103 1628 peri·

58 1639 148 1708 ·Dio,
183 1638 275 1712 (mm
299 1654 369 1694 euin
393 1630 555 1693 noviiiirno
613 1634 679 1688 cula
703 1634 850 1692 habebitis.
891 1635 1005 1697 Nrrret
1026 1639 1104 1713 Dio,

62 1723 181 1781 'liberii
209 1725 384 1799 principatu
416 1714 556 1796 periille,
615 1719 651 1777 C.
681 1716 810 1777 Ceionii
848 1718 962 1779 tribuni
1003 1722 1104 1802 plebio

64 1808 180 1867 l'lininr
205 1808 268 1881 uit)
294 1819 326 1863 et
347 1805 436 1882 quod
458 1807 488 1862 in
511 1822 565 1864 re·.
615 1820 732 1880 opere,
757 1805 810 1882 qui
826 1803 1041 1867 reductionem
1055 1829 1105 1871 re·

65 1891 123 1951 bur
143 1889 291 1948 Romanis
314 1893 415 1947 maior
438 1884 558 1946 homini
614 1890 659 1968 gir
674 1889 828 1965 impedire
838 1889 1020 1961 conabatur,
1034 1913 1103 1954 ore·

66 1976 214 2034 ltonieno
235 1971 413 2050 praeienim
434 1973 558 2031 Romae
616 1970 718 2029 culum
733 1969 809 2029 illud
824 1968 884 2030 elle
902 1975 1104 2052 patefactum,

65 2064 196 2131 viventi,
230 2058 372 2117 habende
396 2056 473 2117 iudei
505 2052 557 2116 est.
615 2053 720 2114 senatu
743 2073 808 2115 non
831 2061 946 2130 invito,
970 2064 1018 2120 cui
1043 2060 1104 2122 ler-

66 2142 136 2223 Iple
166 2148 256 2202 etium
287 2144 420 2211 Cicero,
460 2161 558 2222 quum
615 2144 692 2220 gitio
715 2138 766 2198 ille
785 2145 865 2223 regii
895 2143 1002 2204 odiose
1026 2163 1104 2211 eret.

65 2228 146 2291 lineo
172 2228 277 2289 ldibur
303 2227 367 2287 lan.
397 2226 557 2297 scriberet,
614 2227 696 2283 Num
719 2225 808 2304 quod
829 2225 870 2287 ed
884 2228 1021 2311 Sibyllae
1039 2252 1106 2293 ver·

66 2334 175 2397 regern
203 2312 243 2372 ab
266 2311 345 2371 urbe
365 2311 464 2372 multo
487 2326 559 2371 ente
614 2307 662 2369 lui
693 2312 819 2381 attinet,
863 2312 1019 2390 probabat
1048 2336 1104 2378 eor

67 2400 245 2480 proiectum
284 2394 449 2457 ostendere
476 2395 559 2456 virle·
615 2392 744 2474 quidem
761 2392 891 2464 senetur,
916 2417 1021 2458 verum
1038 2421 1106 2464 non

69 2499 120 2544 tur
136 2481 180 2542 hir
195 2482 311 2541 verbis:
337 2477 371 2538 ln
387 2484 470 2538 rebus
484 2482 557 2538 mni
614 2493 677 2538 iem
699 2478 867 2559 religione,
902 2501 996 2562 quern
1024 2485 1104 2548 illine

68 2581 100 2625 to
116 2580 203 2638 ante,
227 2588 317 2646 quam
340 2564 490 2640 profectus
510 2585 557 2636 es,
615 2567 720 2644 regine
764 2561 939 2647 largitionie
978 2571 1104 2632 invidia.

68 2653 179 2727 abipso
193 2673 280 2729 rege,
302 2661 332 2707 et
345 2654 380 2707 ab
396 2652 508 2709 intimis
524 2671 559 2707 ae
615 2648 654 2707 Er
676 2648 788 2708 Cicero
815 2646 897 2727 ipse,
933 2656 987 2732 qui
1011 2656 1106 2716 redu·

68 2739 235 2812 domesticis
255 2733 390 2808 Pompeii
412 2740 488 2794 clam
507 2754 558 2793 ex·
616 2736 752 2791 ctionem
773 2737 870 2816 regii,
891 2735 1015 2797 Lentuli
1035 2760 1106 2822 gra·

70 2828 220 2883 ulceratis.
244 2857 263 2866 -
296 2816 415 2882 Manui.
616 2820 656 2876 tie
675 2815 875 2878 veliementer
888 2839 1036 2899 cuperet,
1056 2846 1104 2885 ca·

112 2912 152 2965 ad
169 2903 363 2986 Pompeium]
396 2906 491 2964 Cuius
516 2901 559 2964 ob
615 2904 758 2958 lumniam
783 2905 938 2980 religionis
967 2910 1106 2988 appellnt

69 2992 275 3053 Mithridatici
318 2989 390 3048 belli
428 2989 560 3072 gloriam

615 2991 635 3043 i.
655 3006 681 3044 e.
703 2984 884 3048 malitiosum
905 3005 935 3049 et
948 2989 1048 3052 fictum
1065 2996 1107 3057 de
1209 3000 1212 3007 '

71 3077 168 3160 longe
188 3079 305 3145 maior,
329 3095 422 3155 quum
440 3089 561 3133 cetero·

70 3185 159 3232 ruiu,
199 3160 283 3238 npurl
317 3178 425 3218 onmes
453 3173 560 3240 genter

72 3263 140 3306 erut
165 3252 348 3319 enitamur,
382 3262 447 3323 quo
479 3246 559 3302 iutu-

71 3353 142 3393 rum
159 3331 297 3409 iperium
316 3349 385 3396 rer,
411 3343 444 3385 ut
461 3334 560 3409 Aegy·

71 3421 131 3497 prii
152 3413 226 3475 niliil
250 3421 277 3472 ei
294 3417 412 3491 petenti
427 3413 563 3496 denega·

74 3518 152 3563 ient.
199 3497 317 3557 Manen.

93 3586 96 3592 ’
119 3587 272 3659 religionis
296 3578 494 3663 calumniam]
516 3581 562 3639 Si·

74 3669 177 3752 byllue
193 3669 291 3727 versui
308 3671 442 3749 Aegypti
457 3686 563 3746 regem

77 3778 146 3815 cuni
183 3759 316 3813 exercitu
345 3754 451 3812 reduci
480 3767 563 3808 veie-

77 3840 177 3909 buot,
218 3845 301 3897 cirins
326 3837 444 3895 oruculi
470 3834 562 3893 verbu

76 3924 163 4005 apud
181 3925 315 3983 Dionem
340 3921 392 3983 lib.
409 3935 460 4000 59.
487 3918 564 3978 lieec

76 4010 162 4071 lunt:
189 4003 220 4065 Si
239 4028 294 4066 rex
314 4005 460 4082 Aegypti,
477 4005 563 4061 auxi·

74 4098 118 4153 lio
139 4096 274 4173 indigens
290 4095 409 4171 aliquo,
434 4091 568 4166 uenerit¹

119 4211 176 4263 Cio·
198 4210 266 4276 Epp.
291 4208 364 4264 Tem.
384 4205 424 4257 il.

616 3069 771 3153 Sibyllinis
810 3071 945 3135 versibus
987 3084 1107 3140 uratio-

616 3175 706 3224 nem,
732 3171 767 3215 nt
784 3162 918 3218 exercitu
937 3159 1105 3242 adempto,

617 3237 704 3318 quasi
722 3242 851 3302 iubente
865 3242 1001 3326 Sibylla,
1023 3246 1107 3308 relli-

617 3323 724 3383 tuendi
740 3330 820 3405 regii
837 3347 941 3387 curum
960 3329 1108 3410 suscipere
1129 3352 1135 3361 ’

616 3429 711 3469 nemo
734 3410 835 3470 vellet.
876 3410 988 3494 ltaque
1014 3419 1107 3478 homi·

618 3514 668 3551 nes
690 3496 844 3569 religiosor
861 3513 953 3559 vocet
975 3502 1107 3582 ep.1,7.

618 3580 1107 3667 Eundenrcuiumniumnotetep.

621 3664 643 3734 l,
653 3679 683 3739 4.
700 3684 796 3744 quum
810 3684 878 3724 enin
891 3667 1108 3731 nomenfictne

618 3747 777 3830 religioni·
791 3749 830 3809 ab
845 3749 1109 3818 obtrectatoribue

619 3832 740 3892 Lentuli
767 3836 929 3896 inductum
956 3844 1109 3901 nominet.

620 3914 741 3976 Manet.

661 4023 803 4079 maguam
816 4000 993 4086 iufmniam]
1012 4005 1110 4087 tripli-

620 4105 704 4149 cemi
726 4087 775 4147 vel
787 4092 901 4172 ingrati
917 4094 1029 4163 inimi,
1054 4096 1108 4175 qui

967 4183 996 4250 C
