2506 4808
363 321 650 392 EPISTULA
702 322 809 390 CIV.
1056 329 1102 415 §9

66 510 157 594 quod
173 509 357 598 perleviter
374 523 566 577 commotus
584 510 704 584 suerat,
724 509 851 573 defuit:
873 531 901 575 a.
912 508 945 575 d.
959 527 1032 579 un.
1051 512 1099 577 id.

67 611 180 699 April.
197 619 272 677 veni
288 612 328 675 ad
343 612 528 702 Quintum,
551 634 694 696 eumque
708 610 777 676 vidi
790 610 889 697 plane
909 616 1099 700 integrum,

66 715 280 797 multumque
302 720 330 779 is
355 736 489 778 mecum
509 711 697 787 sermonem
718 711 853 785 habuit,
874 725 907 778 et
921 713 1125 800 perhumag·

66 839 169 888 num,
190 815 232 877 de
249 815 432 880 discordiis
451 814 628 880 mulierum
641 814 843 880 nostrarum.
887 813 979 905 Quid
1002 839 1097 900 quaer

65 917 140 983 ris?
180 915 264 983 nihil
293 917 454 983 festivius.
512 914 698 1003 Pomponia
721 929 834 981 autem
862 918 1033 989 etiamde
1051 932 1097 1003 ,ιο

67 1019 179 1105 questa
195 1018 252 1083 est.
294 1017 366 1083 Sed
388 1018 472 1085 haec
495 1041 609 1083 coram
622 1002 782 1106 agemus.
1089 1092 1092 1101 Ι

67 1186 70 1193 ,
172 1121 205 1187 Α
226 1143 332 1210 puero
355 1133 393 1184 ut
418 1117 565 1193 discessi,
586 1124 622 1184 in
642 1140 754 1183 aream
776 1129 975 1189 tuamveni.
1019 1121 1122 1205 Resz

64 1228 228 1316 agebatur
255 1221 370 1301 multis
401 1219 637 1286 structoribus.
680 1219 874 1308 Longilium
901 1225 1093 1314 redempto-

63 1353 138 1393 rem
162 1326 359 1392 cohortatus
385 1322 466 1386 sum.
509 1320 627 1385 Fidem
643 1319 734 1385 mihi
760 1323 923 1397 faciebat,
953 1325 984 1390 se
1007 1326 1093 1392 velle

64 1434 164 1494 nobis
192 1428 338 1516 placere.
390 1425 527 1513 Domus
562 1428 627 1486 erit
662 1429 805 1512 egregia.
853 1425 965 1514 Magis
1002 1433 1093 1492 enim

63 1536 160 1596 cerni
180 1536 246 1594 iam
270 1539 422 1618 poterat,
444 1548 542 1610 quam
559 1537 720 1609 quantum
738 1547 780 1588 ex
797 1525 907 1591 forma
927 1527 1094 1593 iudicaba-

62 1656 154 1700 mus.
197 1634 350 1714 Itemque
371 1626 481 1709 nostra
497 1627 655 1692 celeriter
674 1622 922 1697 aedificabatur.
965 1630 1016 1695 Eo
1035 1630 1093 1695 die

10 1738 14 1746 '
62 1741 203 1802 coenavi
233 1732 321 1822 apud
345 1727 570 1817 Crassipedem
598 1733 635 1791 in
656 1724 778 1793 hortis.
823 1730 1013 1805 Coenatus‚
1048 1729 1092 1799 ad

61 1836 262 1924 Pompeium
285 1833 406 1896 lectica
433 1829 521 1894 latus
552 1828 633 1894 sum.
693 1829 877 1897 Lucceium
907 1834 1091 1897 convenire

61 1961 133 2003 non
159 1950 354 2025 potueram,
391 1931 480 2015 quod
507 1930 668 1994 abfuerat.
712 1931 840 1996 Videre
869 1941 980 1995 autem
1002 1929 1092 1997 vole*

59 2042 160 2114 bam,
187 2036 277 2121 quod
301 2055 393 2098 eram
419 2031 580 2121 postridie
604 2029 715 2096 Roma
737 2038 909 2106 exiturus,
939 2044 973 2096 et
996 2032 1090 2115 quod

58 2141 118 2207 ille
143 2146 179 2204 in
206 2137 397 2206 Sardiniam
424 2139 491 2198 iter
517 2129 673 2196 habebat.
717 2132 900 2199 Hominem
926 2134 1089 2207 convehi,

61 2257 96 2308 et
118 2244 158 2306 ab
180 2261 220 2305 eo
243 2243 366 2328 petivi,
402 2247 441 2301 ut
461 2241 708 2324 quamprimum
732 2249 766 2303 te
792 2237 892 2305 nobis
915 2234 1088 2301 redderet.

439 2475 707 2496 -ἰ--ι-ι-

66 2666 70 2671 ’
101 2649 285 2733 commotus]
308 2649 416 2714 leviter
433 2671 542 2734 oegro-
599 2658 769 2731 architecti,
793 2640 1087 2737 quisormamltclt
1156 2724 1160 2731 ,

56 2757 115 2801 mu,
179 2743 229 2798 Sic
265 2740 542 2810 comminuentur,
599 2743 747 2820 aediHcIi3
784 2741 999 2814 redemptoris,
1031 2736 1085 2819 qui

56 2827 97 2886 de
124 2826 184 2886 levi
209 2829 329 2901 impetu
356 2822 460 2886 febrili
479 2824 542 2895 Att.
597 2842 699 2886 totum
716 2847 795 2909 opus
815 2822 952 2903 impensa
972 2821 1088 2884 studio·

55 2912 126 2972 XII.
152 2933 176 2969 1.
538 2958 542 2965 .
598 2909 738 2992 questro
769 2909 946 2971 faciendum
969 2907 1089 2977 conduq

96 2995 329 3077 perhumanum]
364 2997 384 3054 i.
407 3014 434 3053 e.
462 2989 542 3052 sesti·
597 3001 655 3069 cit;
703 3000 760 3073 (ut
790 2995 945 3061 interdum
979 3009 1089 3067 taureis

55 3102 147 3151 vum,
178 3098 212 3140 ut
235 3081 331 3158 paulo
354 3076 424 3157 post
449 3078 542 3152 dicit,
597 3076 1089 3159 architectusredemptorisitens

55 3166 194 3240 urbanae
222 3165 379 3224 hilaritatis
403 3161 541 3243 plenum.
597 3168 823 3250 partcsagau)
836 3160 1086 3249 structuramqui

54 3253 105 3310 Sic
133 3255 213 3310 enirn
238 3249 329 3330 saepe
359 3251 543 3321 humanitas,
597 3242 715 3311 calcem
743 3267 774 3310 et
801 3249 912 3311 lateres
935 3263 1087 3327 tractant3

57 3352 88 3396 et
120 3338 260 3395 humanus
294 3339 422 3416 ponitur
457 3333 543 3427 apud
588 3337 766 3410 fabrorum,
807 3337 862 3417 qui
884 3333 1005 3408 lapidet
1032 3347 1088 3397 nul

48 3421 252 3481 ‘Ciceronem
596 3410 680 3508 ligne
702 3421 845 3483 caedunt.
886 3415 1008 3480 Manat.
1040 3469 1043 3473 .
1080 3414 1084 3421 ’

99 3509 255 3564 mulierum
275 3502 461 3588 nostrarum]
480 3504 542 3565 Te·
632 3504 763 3591 somna]
805 3525 900 3587 quam
929 3507 1086 3567 Minucius

56 3596 219 3650 rentiaeet
233 3592 438 3667 Pomponiae.
597 3592 725 3656 [ecerat.
762 3611 811 3671 ep.
827 3609 877 3673 97.

99 3679 136 3733 de
160 3688 189 3734 te
210 3673 383 3756 questaest]
405 3675 543 3737 neforto
640 3701 698 3738 non
738 3674 924 3759 pottteram]
954 3683 1115 3759 nempo'

57 3761 191 3841 Quintus
217 3776 360 3839 putaret,
404 3760 544 3840 Pompo·
600 3756 689 3823 antea
718 3764 866 3823 Lucceius
897 3761 1002 3821 Roma
1033 3759 1088 3820 ab·

53 3853 125 3907 niue
146 3849 287 3905 iniuriam
304 3847 483 3906 aTerentia
498 3847 545 3905 ft·
597 3846 718 3924 ,sueram
740 3863 776 3909 nt
798 3868 869 3908 eum
887 3847 998 3906 Cicero
1014 3863 1089 3906 con·

53 3948 145 3992 ctum.
522 3966 526 3976 ·
599 3938 704 3993 venire
722 3926 1089 4013 nonpoffct3nuncsn·

102 4037 130 4075 a.
153 4018 252 4073 multis
268 4014 484 4100 structoribus]
506 4016 543 4078 Iu
599 4034 661 4078 tem
686 4008 836 4094 redieras}
873 4035 950 4102 ergo
974 4017 1088 4080 Cicero

59 4097 252 4162 aedificando
288 4103 404 4161 utimur
443 4121 543 4184 opera
598 4102 684 4165 isium
706 4108 862 4187 conyenit.
