2580 4792
304 288 616 390 ¹nrrsronn
664 289 833 363 Lxxx.
1036 303 1105 374 353

63 480 198 570 llopns
228 477 325 553 esset,
366 500 486 547 omnes
519 485 555 544 in
579 479 773 568 abrogando
800 488 991 543 uterentur.
1051 476 1104 568 Ut¹

63 581 247 654 Ninnium,
270 593 327 646 aut
348 593 484 647 eeteros
510 566 651 667 fugerit,
679 579 860 666 investiges
894 579 1010 644 velim:
1045 592 1101 656 et,

64 690 140 767 quis
163 683 331 766 attulerit5
362 699 397 747 et
429 704 531 766 quare
558 696 638 756 octo
662 681 923 768 tribuniplebis
947 678 1100 745 adsena·
1201 746 1210 766 ,

63 797 138 850 turn
154 785 196 849 de
208 807 261 850 me
278 779 408 849 referre
423 801 494 847 non
504 782 705 865 dubitarint3
731 783 837 866 (qnod
853 781 1104 853 observandum¹

62 885 149 951 illud
170 900 270 974 ceput
298 909 367 951 non
392 883 594 972 putebant,)
626 886 729 951 iidem
750 890 785 949 in
810 886 1005 974 abrogando
1029 872 1103 949 tem¹

27 1063 35 1080 ἱ
64 993 155 1064 cauti
183 989 331 1059 luerint,
357 997 396 1050 nt
422 985 459 1050 id
483 998 702 1065 metuerent,
725 985 824 1053 soluti
851 1010 953 1071 quum
979 982 1100 1076 elsent;

66 1089 156 1172 quod
174 1111 218 1157 ne
235 1094 276 1152 iis
293 1086 446 1170 quidem,
468 1092 528 1170 qui
540 1087 617 1174 lege
636 1096 814 1164 tenentur,
836 1089 884 1154 est
899 1087 1098 1153 curandum·

66 1189 107 1253 Id
122 1202 223 1275 caput
245 1189 322 1252 lane
344 1189 451 1253 nolim
469 1210 576 1254 novos
598 1193 752 1258 tribunos
768 1192 877 1280 plebis
894 1187 999 1257 ferre·
1026 1187 1105 1255 Sed.

67 1291 246 1379 perferant
268 1286 371 1353 modo
397 1288 488 1372 quod
515 1289 608 1354 lieet.
650 1291 730 1357 Uno
754 1291 880 1381 cipite,
915 1310 981 1375 qno
1003 1310 1100 1354 revo-

67 1382 188 1473 eabor,
219 1391 344 1473 (modo
365 1411 422 1454 res
448 1387 668 1477 conficiatur)
701 1412 761 1458 ero
789 1405 984 1458 contentus.
1027 1386 1100 1455 Iam
1162 1467 1173 1477 .

66 1493 197 1574 dudum
219 1493 326 1581 pudet
346 1504 415 1555 tarn
440 1491 545 1556 multa
566 1491 723 1557 scribere.
768 1495 903 1559 Vereor
926 1498 1033 1564 enim,
1055 1510 1099 1559 ne
1144 1513 1147 1521 ·

65 1616 105 1658 re
128 1599 195 1658 iam
218 1591 394 1680 desperata·
407 1590 498 1680 legas
507 1614 517 1674 ;
538 1603 576 1656 ut
594 1591 676 1658 haec
690 1613 764 1659 mea
778 1597 952 1685 diligentia
967 1582 1104 1663 misere*

67 1696 146 1760 bilis
170 1697 250 1767 tibi,
274 1692 345 1757 aliis
360 1694 540 1783 irridenda
562 1693 726 1761 videatur.
771 1696 840 1764 Sed
864 1695 885 1759 fi
908 1694 953 1760 est
974 1695 1105 1780 aliquid.

68 1803 104 1862 in
127 1795 197 1884 spe,
218 1788 298 1862 'vide
317 1792 444 1881 legem,
469 1817 567 1878 quarn
582 1791 629 1863 T.
652 1799 754 1863 Fadio
776 1783 1107 1886 scripfit‘Vilellins'i

69 1922 108 1964 ea
130 1896 213 1990 mihi
227 1895 420 1987 ,perplacet
464 1895 551 1960 Nam
574 1897 687 1964 Sextii
709 1898 828 1985 nostri,
856 1900 955 1984 quim
978 1908 1018 1963 tu
1036 1900 1098 1988 tibi

66 2001 205 2088 probari
226 1997 360 2071 scribiS‚
378 1997 460 2062 mihi
476 2022 544 2063 non
562 1993 683 2087 placet.

149 2099 269 2165 Tertia
291 2097 337 2162 elt
354 2098 488 2186 epiltola
507 2100 596 2186 prid·
617 2101 663 2164 id.
680 2093 846 2164 Novemb.
867 2096 960 2166 data:
980 2103 1014 2167 in
1031 2122 1127 2187 qua,

67 2207 211 2291 exponis
232 2202 420 2287 prudenter
443 2214 476 2265 et
498 2201 694 2288 diligenter,
717 2222 800 2283 qnae
822 2199 900 2275 sint,
920 2225 1003 2288 quae
1025 2225 1101 2295 rent

67 2302 226 2367 distinere
247 2301 439 2376 videantur,
463 2302 503 2365 de
520 2299 652 2374 Crasse,
674 2303 717 2365 de
739 2300 919 2389 Pompeio,
941 2305 983 2368 de
1010 2319 1099 2370 cete·

66 2410 129 2470 ris.
173 2402 285 2491 Quare
306 2422 367 2465 oro
388 2415 441 2477 te,
464 2415 517 2476 ut,
537 2400 558 2465 fi
582 2424 647 2485 qua
670 2401 741 2490 spes
765 2407 848 2477 erit,
870 2405 960 2492 polle
982 2405 1096 2471 studiis

68 2506 258 2576 bonorum,
300 2511 516 2578 auctoritate,
555 2503 773 2567 multitudine
807 2516 1099 2598 comparatorem

448 2759 718 2778 ffl-

109 2952 187 3028 quod
200 2944 429 3032 observandum]
446 2944 577 3033 Vulgo
658 2939 694 3008 T.
726 2941 837 3034 Fadio]
875 2951 1004 3016 tribuno
1032 2955 1100 3038 ple·

59 3042 140 3118 sitne
169 3039 250 3116 qnod
282 3037 490 3110 observandum
514 3068 553 3082 -·-
609 3031 656 3094 bis
677 3031 846 3116 designato.

67 3124 130 3184 sed
164 3121 242 3180 illud
271 3120 351 3194 sitne
387 3122 555 3180 delendum
660 3114 692 3178 T.
720 3117 875 3204 Visellius]
913 3121 990 3183 Iuris
1016 3126 1100 3186 Con·

66 3207 127 3272 elle
148 3204 533 3266 recteiudieavitErnelli.
611 3202 723 3276 fultus,
752 3211 885 3286 opinor,
919 3225 950 3266 et
972 3209 1100 3271 forlelle

101 3295 195 3368 soluti
219 3311 305 3366 quiam
329 3287 440 3376 osleni]
459 3312 555 3371 quum
611 3310 672 3368 pro
701 3292 807 3362 Titus,
845 3291 956 3362 Cain„
996 3311 1030 3354 ut
1063 3292 1101 3357 fit

66 3379 118 3438 illa
139 3377 209 3457 lege
225 3376 366 3458 collegae
396 3374 553 3449 su1‚Clo·
616 3370 649 3432 C.
684 3368 817 3451 Visellius
851 3371 964 3450 Varro,
1012 3381 1108 3440 Cice?

68 3465 128 3534 dii,
152 3482 218 3520 non
238 3475 424 3519 tenerentur.
609 3465 694 3535 renis
718 3460 936 3534 consobrinus,
975 3470 1028 3542 qni
1055 3471 1100 3524 iu·
1167 3497 1169 3500 ⁴

111 3550 188 3623 quod
216 3542 305 3626 licet]
344 3545 447 3627 Vulgo
484 3541 563 3619 qnid*
609 3550 649 3604 ris
672 3545 763 3604 civilis
786 3567 802 3603 n
826 3563 914 3624 petre
939 3547 1023 3607 Aeol
1037 3571 1100 3611 one

67 3635 136 3690 libet
157 3629 241 3690 ienlu
263 3637 370 3708 inepto
387 3645 439 3688 aut
453 3627 552 3687 nullo·
610 3628 876 3689 tredilem'tennit
901 3631 1106 3714 disciplinam.¹

67 3715 398 3784 Praeserendeleetio‚
422 3715 553 3793 quodli·
613 3717 676 3775 Cic.
701 3717 785 3774 Brut.
830 3711 951 3774 Manui.
1103 3722 1107 3729 '

66 3815 132 3871 cet3
161 3821 232 3860 nem
255 3801 385 3870 Cicero,
409 3801 464 3872 sed
487 3821 554 3871 per·
654 3822 680 3860 2.
705 3804 894 3858 nznltitndine
911 3804 1097 3886 cornparaia]
1157 3790 1158 3797 ἵ

61 3883 504 3966 ferantmod0‚inqnit,legem
514 3884 554 3942 de
611 3901 645 3944 ut
668 3906 702 3943 ex
725 3889 811 3946 ornni
833 3891 899 3945 lere
924 3888 1010 3948 ltelie
1033 3889 1098 3961 llo·

68 3974 168 4031 reditu
197 3990 295 4042 meo,
343 3989 437 4050 quem
471 3970 555 4028 ferre
610 3990 693 4028 mern
725 3978 909 4030 conveniant
946 3975 985 4031 ed
1015 3977 1100 4032 diem

69 4074 152 4119 certe
175 4055 256 4116 licet.
609 4059 782 4138 rogationis
807 4057 848 4116 de
871 4059 1024 4123 Cicerone
1049 4078 1098 4117 re·
