2506 4808
107 340 210 423 ,μ’
376 328 659 401 errsronn
710 324 873 397 munt

111 522 191 593 bos,
228 519 272 585 dc
291 517 367 610 lege
387 517 547 609 Aurelia,
570 516 652 584 sasso
679 516 879 583 testimonio
908 513 1037 582 consitis

112 618 207 686 Nihil
228 627 316 687 enim
334 634 403 687 tam
422 626 547 694 timeo,
569 642 669 705 quam
683 641 745 694 ne,
766 640 872 703 quum
885 617 1037 702 intelligar

114 727 245 795 mimae,
266 734 428 806 quantum
450 719 698 787 misericordiae
722 720 824 786 nobis
850 731 930 784 tuae
948 722 1037 806 prece

114 835 175 893 tua
202 823 288 891 [clus
318 823 456 890 assatura
490 820 554 897 fit,
601 834 803 912 oppugnent
832 834 867 888 te
898 815 1037 890 veheme

116 1218 150 1281 in
180 1216 333 1297 Quintum
368 1214 606 1287 conserebatur,
662 1219 763 1296 etqui
784 1212 1037 1277 iemtumessets

119 1320 185 1362 non
227 1317 354 1381 poterat
398 1303 449 1363 lex
480 1302 605 1363 Aurelio
663 1305 783 1362 auctori
804 1302 957 1373 tributor,
975 1323 1037 1363 nun

120 1392 369 1448 commemorari.
412 1387 474 1447 Sed
505 1382 607 1468 potest
663 1382 840 1447 testimonio
867 1384 1037 1446 confirmetr

122 1466 182 1530 esse
212 1475 426 1552 interpretatio
450 1474 607 1531 Ciceronis
665 1490 822 1552 coquere
843 1466 1037 1532 offenfioflt

119 1553 223 1633 ipsius.
255 1594 286 1603 -
324 1556 407 1633 jaiso
442 1557 608 1633 testnnonio
663 1554 867 1617 recrudescat.
911 1555 949 1616 ln
984 1556 1037 1616 vers

120 1639 277 1707 Hortensii
307 1640 366 1704 scis.
409 1637 532 1716 Ernesti.
576 1642 611 1700 si
665 1645 733 1719 lege
759 1639 884 1700 Aurelia
913 1660 982 1702 non
1005 1661 1037 1721 op

120 1728 235 1803 verjum
268 1732 297 1785 io
319 1733 447 1804 aliquem
475 1724 611 1799 conferre
667 1745 820 1807 quaerero
847 1725 933 1791 illem
962 1729 1000 1785 de
1026 1748 1037 1783 u

122 1807 323 1892 fignificaret,
355 1815 512 1895 applicare
544 1831 610 1869 vers
667 1812 708 1873 de
723 1831 785 1893 qua
798 1810 922 1891 liquido
940 1832 1036 1873 ncnc

121 1893 186 1954 sum
210 1898 250 1956 ad
274 1899 426 1978 aliquem,
485 1899 515 1956 ni
537 1891 612 1956 esset
665 1895 719 1958 sed
750 1894 851 1974 potest
876 1895 1037 1980 intelligi.

122 1978 164 2038 ’de
198 1982 261 2041 elio
300 1989 430 2062 proprie
462 1919 612 2060 scriptus,
666 1980 844 2053 iudiciaria,
867 1976 921 2040 etfi
946 1980 1032 2042 nuslo

123 2063 253 2124 Ernestii
288 2065 456 2127 sententiae
487 2065 612 2128 subscri·
668 2065 788 2128 definiri
804 2062 925 2146 potest,
952 2067 1029 2147 quid

122 2147 242 2208 berem.
284 2151 326 2210 At
358 2157 439 2210 enim
477 2150 613 2222 conferre
666 2148 817 2212 vcrficnlie
840 2154 871 2209 in
887 2150 1037 2231 Quintum

124 2235 156 2303 iu
176 2235 307 2314 aliquem
328 2232 474 2319 significat
494 2234 612 2317 aliquid
666 2240 721 2308 tie,
744 2235 775 2300 h.
789 2255 817 2296 a.
839 2235 975 2303 ed'enm
999 2246 1037 2295 mi

125 2315 214 2383 alicui
238 2335 387 2401 tanquam
413 2327 533 2381 auctori
560 2324 613 2381 tri·
667 2323 771 2384 reseris
799 2319 841 2379 de
866 2318 938 2403 lege
959 2324 1037 2381 Aure

123 2398 238 2475 buere,
259 2402 319 2466 sive
331 2404 366 2466 sit
381 2407 420 2468 ab
436 2427 476 2466 eo
492 2404 552 2464 sive
572 2403 611 2465 eb
667 2423 752 2467 crum
783 2402 872 2476 essct,
912 2408 1037 2485 quod}

125 2486 188 2557 elio
215 2493 402 2569 profectum.
453 2492 504 2552 Sic
532 2505 611 2551 oret.
668 2490 744 2556 fium
781 2505 835 2550 erut
866 2488 963 2549 aliurn
1001 2510 1037 2572 qu

122 2593 183 2657 pro
211 2576 313 2636 Plano.
337 2599 364 2637 c.
388 2584 433 2653 ¹4·
464 2578 614 2649 permulta
669 2580 885 2657 potentiorum
917 2572 1037 2636 homini

125 2660 155 2719 in
173 2655 334 2732 Plancium,
356 2683 428 2737 quae
442 2665 478 2721 ab
493 2683 527 2718 eo
543 2681 612 2718 nnn·
669 2660 799 2725 sendere
815 2656 927 2739 posset.

122 2764 217 2825 quam
236 2747 423 2820 dictasunt,
459 2745 615 2820 coeffernn·
714 2757 852 2824 quatztum
909 2745 1037 2820 misericr

124 2838 174 2893 tur
194 2834 213 2890 i.
232 2849 258 2891 e.
276 2835 305 2888 ei
326 2830 511 2892 tribuuntur.
531 2829 613 2891 lbid.
670 2851 782 2891 vereor
829 2848 871 2889 ne
920 2834 1037 2892 inimici

123 2911 324 2993 paulopost:
339 2916 614 2989 stomachorum,
671 2936 769 2997 quum
801 2912 977 2996 intelligant
1011 2937 1037 2997 qt

125 3014 219 3076 quum
240 3001 368 3056 aliorum
385 3021 441 3057 noa
459 3023 506 3058 ma
522 3003 616 3078 digno
671 3016 705 3060 tu
727 2997 749 3060 sr
770 2998 927 3059 absolutus
949 3001 1037 3061 suerit

126 3082 158 3138 in
194 3104 241 3140 me
278 3083 478 3157 conferuntur.
521 3083 615 3166 Epist.
672 3085 729 3144 bus
751 3089 809 3144 tuis
823 3100 883 3164 pro
900 3105 954 3143 me
976 3089 1037 3147 inte

126 3166 417 3244 adFam.V11.52.
449 3170 500 3227 Ais
517 3171 616 3229 omitia
672 3168 901 3230 misericordiae
920 3169 1014 3230 nobis
1035 3221 1037 3229 .

125 3255 256 3314 omniurn
278 3258 414 3314 dicta-
431 3259 460 3315 iu
480 3276 527 3315 mc
549 3270 615 3314 com
672 3271 775 3328 turus,
810 3270 842 3313 te
865 3250 1037 3316 vehementi

119 3333 205 3406 fetri
214 3383 221 3411 ,
244 3344 263 3404 i.
279 3362 306 3399 e.
330 3339 406 3401 mihi
431 3341 532 3403 tribui.
564 3343 616 3400 Sic
671 3353 828 3422 pugnent,
857 3357 898 3398 ne
919 3338 1033 3418 possrr,

126 3419 218 3500 sopra
249 3446 297 3503 ep.
325 3446 371 3502 ¹7·
410 3430 486 3503 quod
510 3429 560 3482 aes
586 3436 616 3483 ie
673 3424 737 3503 ipse
761 3423 1037 3487 condemnamus}

126 3507 210 3565 uiuat
224 3511 347 3586 salsi-in
367 3533 413 3569 me
435 3515 616 3588 soserecon·
673 3530 724 3569 me
739 3508 911 3589 deprecari.
953 3510 1037 3591 Qum

119 3588 212 3662 ferri.
258 3596 369 3677 ltaque
399 3597 475 3657 mihi
504 3596 616 3655 Cicero
673 3593 720 3655 sur
742 3592 855 3654 inutilia
879 3591 922 3652 est
937 3594 1037 3656 Ernes

127 3682 225 3738 vereri
256 3681 402 3753 videtur,
441 3702 489 3742 ne·
516 3679 616 3739 versor
674 3684 790 3738 iectura
798 3720 808 3751 ,
831 3683 886 3759 qui
900 3680 1037 3742 Ciceron

127 3764 277 3843 quidem,
331 3787 397 3848 quo
433 3762 615 3828 Hortensius
674 3760 1037 3846 miseriuescripfisseopir

127 3862 182 3909 aut
226 3848 303 3910 aliur
346 3856 413 3931 quis
454 3849 616 3911 hominnm
717 3862 769 3907 tua
785 3847 889 3931 salus]
916 3848 1037 3912 liberari

126 3938 303 4010 potentium
318 3934 537 4014 islotempore‚
550 3956 615 4016 quo
675 3934 756 3995 dicio
776 3934 1028 4012 repetundarum

121 4016 263 4095 ‘Quintus
299 4021 490 4081 aedilitatem
529 4034 617 4098 pete·
669 4025 706 4082 ei
726 4019 854 4104 quidem
872 4020 1037 4086 minabant

126 4096 201 4177 bar,
223 4102 320 4168 luesur
342 4103 511 4167 aurinisur
524 4100 618 4178 essee,
