2506 4808
284 294 569 368 unsrun-A
609 297 721 368 xxn
788 292 792 298 ’
977 318 1025 397 ο,

87 503 101 543 ι
144 479 348 548 futurum?
393 504 513 568 quare,
552 497 592 553 ut
618 490 743 571 opinor
770 493 1022 578 φιλοσοφητέον,

87 582 142 647 od
179 596 228 651 tu
262 585 367 659 facis,
406 599 441 652 et
470 587 551 657 istos
580 584 778 660 ‚consulatus
816 611 889 657 non
923 592 1022 662 flocci

87 712 109 750 i.

87 786 171 854 uod
189 785 235 851 ad
250 809 305 853 me
318 786 455 863 scribiS‚
473 803 507 855 te
521 795 559 854 in
575 786 690 854 Asiam
706 788 849 857 statuisse
865 817 937 861 non
950 801 1053 883 ire;8

87 913 134 952 m
159 891 321 967 mallem,
338 895 482 956 ut-ires:
514 912 552 955 ac
576 913 713 965 vereor,
735 894 881 976 nequid
903 901 941 961 in
961 896 1023 967 ists

87 1014 154 1058 rus
180 994 365 1059 commode
386 987 454 1055 fiat.
498 989 569 1058 Sed
590 1004 705 1055 tamen
724 1015 796 1057 non
816 993 947 1081 possum
971 1021 1024 1065 re·

87 1095 198 1159 idere
216 1092 390 1160 confilium
403 1105 520 1167 tuum,
551 1089 749 1180 praesertim
763 1113 867 1176 quum
884 1113 1022 1188 egomet
1061 1086 1065 1092 ⁴
1099 1162 1106 1175 ,

87 1202 247 1264 vinciam
265 1218 336 1262 non
355 1192 414 1260 firn
429 1193 618 1284 profectus.

367 1472 638 1492 m

94 1653 110 1714 ?
156 1650 265 1715 Potest
277 1657 373 1718 'etism
392 1657 480 1718 illum

87 1748 170 1796 stum
185 1739 333 1816 nostrum,
352 1738 415 1804 fine
428 1764 478 1804 re·

87 1827 162 1887 r'sd
186 1825 344 1887 Ciceronis
369 1825 476 1897 consu·

87 1951 95 1980 ,
118 1908 261 1970 universe
273 1912 390 1972 dictum
406 1909 478 1988 effe,

87 1997 265 2071 :ansulatum
291 1993 478 2072 Romanum

87 2084 143 2141 irio
159 2079 360 2155 dictitaverit,
382 2083 480 2145 videri

87 2185 135 2236 ss,
158 2169 212 2248 qui
229 2165 420 2228 consulatum
435 2166 480 2230 es·

87 2250 180 2330 idepri
195 2272 297 2330 paens
319 2255 396 2312 deos
411 2253 479 2314 effe

87 2357 110 2407 r,
141 2351 172 2394 et
196 2339 252 2396 diis
277 2358 379 2417 pares.
431 2339 479 2400 Its

87 2418 180 2479 ibono
203 2419 307 2486 visum.

87 2526 89 2558 e
98 2505 192 2575 flocci
202 2503 346 2592 facteon]
375 2503 481 2569 Affen·

87 2593 197 2650 ictorio
208 2608 239 2651 et
248 2592 412 2665 Lumbino,
425 2597 479 2674 qui

92 2674 262 2735 lectionem
286 2680 317 2736 in
339 2677 478 2758 plurimis

112 2759 310 2841 conspicuam
347 2769 480 2824 retinen·

87 2845 279 2918 iudicarunt,
314 2863 347 2907 ut
368 2849 478 2910 Cicero

87 2950 176 3001 icum,
187 2952 282 3012 quum
293 2948 382 2991 untes
392 2955 482 3017 grae·

87 3013 220 3075 diecrivo
264 3017 381 3078 verbali
409 3017 480 3080 usus

99 3104 317 3175 φιλοσοφητέον,
351 3100 480 3163 latinam

87 3188 245 3251 nationem
260 3207 317 3243 non
325 3185 418 3258 flocci
425 3188 480 3262 sn·

87 3291 150 3340 rm,
192 3274 224 3329 in
251 3292 394 3352 graecam
423 3297 481 3332 non

87 3353 394 3425 sacteonmuraverit.
406 3361 482 3420 Cer·

87 3438 143 3499 rod
169 3460 230 3518 pro
259 3438 318 3500 hac
345 3441 481 3505 lectione

87 3524 482 3604 rueruntnonflocciiosss'sv,

87 3605 259 3669 structurae
295 3611 481 3687 verborum,

87 3696 242 3753 enrenriae
267 3691 334 3758 satis
355 3698 483 3779 respon·

98 3775 185 3838 Effet
209 3783 289 3838 enim
311 3805 369 3841 non
391 3785 484 3856 flocci

87 3862 235 3923 rriuscule
249 3867 325 3945 pro:
349 3876 401 3950 qui
417 3891 483 3930 non

87 3949 169 4012 [occi
184 3944 363 4019 aestimaudi
371 3998 382 4029 ‚
400 3954 484 4037 poli·

570 1669 601 1732 8.
619 1669 650 1716 ts
665 1653 804 1735 inAfism
814 1657 951 1736 statuisse
964 1678 1024 1719 non

535 1743 604 1827 ire]
634 1759 742 1806 contrs
766 1764 861 1826 quoni
886 1741 1024 1823 spsrsrst

536 1829 577 1910 Q.
585 1831 716 1903 Cicero,
741 1833 796 1910 qui
810 1831 945 1889 Atticum
967 1825 1024 1889 fibi

534 1906 606 1976 sors
622 1912 760 1999 legatum
775 1910 929 1994 sperabat.
940 1911 1025 1974 vids
1070 1943 1073 1947 ·

535 1999 630 2063 Corn.
667 1998 750 2078 Nep,
786 2002 820 2060 in
846 1999 1024 2062 virunnis!

536 2088 604 2165 kap.
620 2084 649 2145 6.
684 2079 794 2145 Graev.

578 2171 705 2248 nequid
732 2171 761 2226 in
790 2168 845 2244 ista
871 2189 904 2226 re
927 2167 1024 2226 minsis

536 2259 689 2315 commode
706 2251 788 2339 fiat]
809 2253 857 2313 vel
873 2268 909 2313 ut
924 2253 1024 2335 Quin·

535 2353 585 2400 tus
607 2337 762 2403 hocnon
787 2337 924 2398 molliter
944 2342 1037 2405 sctis

535 2427 619 2505 pist,
639 2424 687 2484 vel
706 2441 740 2484 ut
755 2425 907 2505 Quintus,
930 2420 1021 2482 desti·

536 2525 620 2569 tutus
637 2525 668 2569 te
684 2526 818 2580 rectore,
832 2508 913 2568 msle
923 2521 1022 2591 regat.

539 2588 719 2653 Gronovius.
742 2594 840 2654 Unice
856 2591 936 2664 hoc,
956 2608 1024 2654 non

535 2672 613 2738 illud
626 2677 878 2760 intelligendum
896 2676 1024 2736 vereba-

537 2779 588 2823 tur
603 2769 683 2823 enim
695 2765 807 2824 Cicero
822 2759 1022 2842 potiffimunr,

536 2869 577 2908 ne
600 2850 697 2908 frater
720 2852 823 2907 animo
843 2846 883 2905 sd
904 2849 1026 2906 iracun-

538 2934 620 2993 diam
641 2954 746 3012 prono
763 2951 829 2991 non
845 2928 911 2990 satis
927 2935 1024 3011 impe·

536 3035 629 3091 roret,
645 3015 700 3078 nisi
711 3020 845 3077 Atticum
860 3014 959 3076 secum
971 3013 1026 3075 hs·

536 3101 625 3163 beret
637 3106 835 3164 monitorem.
853 3102 898 3161 Cs.
918 3121 967 3182 ep.
985 3100 1027 3162 sd

538 3189 578 3269 Q.
595 3190 721 3247 [terreni
743 3186 764 3247 l.
780 3188 805 3246 l.
828 3207 852 3246 1.
1014 3194 1017 3201 ’

578 3275 753 3348 praesertim
775 3293 866 3354 quum
883 3267 1024 3355 egomet]

537 3358 655 3441 ¹Atticus
689 3362 769 3416 enirn
802 3357 906 3416 dicere
933 3373 1027 3435 pots·

538 3460 601 3503 rsr:
622 3441 644 3501 fi
662 3460 693 3502 tu
710 3443 755 3503 M.
767 3440 852 3500 Tulli
877 3460 895 3500 ο
917 3439 1028 3501 consu·

537 3526 621 3600 latu,
637 3530 669 3586 in
683 3529 874 3607 provinciam
889 3544 1028 3607 procon-

536 3609 581 3693 sul
604 3618 649 3672 ire
670 3610 811 3683 noluisti,
847 3611 936 3692 quod
958 3628 1027 3672 mos

540 3713 572 3758 et
592 3694 677 3782 leges
699 3694 917 3776 postulabunt,
949 3691 1027 3774 quid

539 3803 591 3842 me
609 3781 829 3866 reprehendis,
862 3776 950 3862 quod
968 3782 1030 3837 no'·

539 3865 594 3926 lim
619 3889 688 3928 curn
711 3868 806 3928 fratre
828 3881 884 3925 tuo
907 3863 1029 3945 legetur

541 3957 574 4012 in
601 3956 792 4032 provinciam
829 3953 892 4021 ire,
939 3946 1030 4030 quod

544 4057 611 4100 non
632 4036 675 4099 est
691 4032 785 4121 officii
801 4031 883 4094 mei?
