2580 4792
170 338 243 404 553
431 308 712 383 amaruan
755 306 1009 421 cuxm

172 524 297 579 tmeum
311 504 497 571 reeordari.
540 500 639 567 Brevi
660 513 775 566 tamen
790 497 833 564 iic
849 499 1006 577 habeto,
1027 507 1069 568 in
1084 522 1163 569 eum
1182 500 1230 570 ita·

183 624 260 675 tum
278 621 471 694 temporum
494 616 591 669 tuum
615 603 764 667 reditum
787 603 969 677 incidere,
986 617 1032 668 ut
1056 609 1103 669 iis
1122 606 1230 680 bunia,

184 733 268 795 quae
288 711 352 773 tibi
373 721 510 779 natura,
528 704 656 778 studio,
688 704 827 769 fortuna
851 706 932 769 data
958 704 1064 780 siunt,
1102 706 1227 774 facilius

181 814 315 885 omnia,
339 830 424 893 quae
443 808 525 874 sunt.
542 802 736 892 ampliifima
757 810 794 871 in
817 824 855 870 re
876 807 1044 895 publica,
1072 805 1228 892 consequi

181 912 297 1003 possis,
337 933 436 996 quam
459 909 689 985 muner-itum
714 928 859 991 quorum
882 930 1000 993 neque
1027 908 1228 975 facultatem

182 1022 360 1100 quisquam
381 1011 583 1091 admiratur3
602 1008 674 1091 (est
697 1013 786 1073 enim
808 1013 1010 1098 copiarum,
1033 1031 1107 1074 non
1133 1017 1227 1077 virtu·

177 1121 272 1200 ·tss;)
292 1135 403 1199 neque
417 1120 594 1198 quisquam
620 1108 685 1184 est,
704 1116 787 1193 quin
808 1110 963 1177 satietate
986 1118 1066 1177 iam
1083 1113 1223 1179 defessus

183 1219 233 1283 iit.
276 1217 348 1296 Sed
374 1216 489 1287 aliter,
516 1225 617 1296 atque
639 1211 871 1287 ostenderam,
892 1215 1005 1290 facio,
1036 1222 1101 1300 qui
1121 1221 1223 1304 ingre

184 1321 256 1385 diac
273 1318 315 1382 ad
331 1315 566 1403 explicandam
586 1320 756 1378 rationem
777 1312 964 1380 sententiae
979 1340 1099 1382 meae.
1146 1319 1222 1410 Qua

181 1444 219 1485 re
236 1440 373 1484 omnem
389 1416 475 1481 hanc
494 1419 759 1503 disputationem
779 1419 814 1479 in
833 1417 1025 1481 adventum
1048 1431 1154 1484 tuum
1173 1421 1222 1485 dis·

181 1523 266 1588 seros
311 1520 452 1587 Summa
469 1512 552 1582 scito
565 1529 598 1580 te
617 1521 653 1579 in
672 1506 921 1603 enspectatione
941 1516 1023 1593 esse,
1032 1540 1148 1605 eaque
1164 1544 1181 1586 a
1195 1536 1220 1587 te

183 1621 386 1710 exspectari,
409 1641 492 1704 quae
514 1641 535 1684 a
554 1617 684 1683 summa
697 1623 840 1692 virtute,
859 1616 1071 1705 summoque
1090 1629 1221 1713 ingenio

135 1798 141 1810 ,
180 1718 404 1811 exspectanda
424 1720 515 1811 lunt:
551 1719 698 1803 adquae
721 1714 740 1783 s1
763 1741 819 1793 es,
847 1730 886 1784 ut
911 1720 1046 1796 debes,
1067 1742 1221 1813 paratus,

181 1822 272 1907 quod
290 1829 338 1889 ita
359 1820 423 1889 esse
443 1820 599 1896 confido,
636 1821 791 1910 plurimis
821 1824 1058 1906 maximisque
1082 1833 1222 1895 muneri

180 1926 267 1999 bus,
287 1937 323 1991 et
344 1946 409 1991 nos
432 1931 578 1998 amicos,
601 1933 636 1985 et
651 1925 742 1987 cives
766 1933 843 1986 tuos
866 1921 1073 2001 universos,
1099 1943 1137 1994 et
1158 1952 1219 1995 rem

178 2025 350 2116 publicam
374 2023 515 2093 afficies.
557 2023 644 2089 lllud
665 2020 845 2111 cognosces
873 2022 1065 2108 profecto,
1090 2030 1177 2098 mihi
1193 2046 1220 2097 te

52 2208 56 2223 Ι
178 2150 290 2215 neque
306 2133 492 2202 cariorem,
513 2146 624 2213 neque
640 2124 875 2191 iucundiorem
893 2118 959 2188 esse
977 2147 1203 2218 quemquam.

227 2332 508 2411 EPISTULA
543 2331 698 2402 chx.
736 2322 1073 2417 (adDiv.vl1.
1108 2341 1181 2428 12.)

446 2496 512 2559 Ser.
535 2492 659 2557 Romae
682 2498 719 2556 A.
736 2486 776 2555 U.
800 2492 838 2557 C.
866 2516 939 2575 700.

165 2643 236 2708 'Per
261 2642 357 2707 iocum
389 2642 528 2728 exagitat
554 2639 741 2723 Trebatium,
785 2670 870 2726 quem
891 2645 1085 2728 Epicureum
1103 2655 1218 2729 sactum

219 2750 276 2827 esse
292 2745 387 2827 Pansa
402 2761 590 2810 narraverat.

407 2926 612 2998 cranao
655 2924 970 3021 Taenario.

171 3102 176 3109 ·
278 3083 447 3160 Mirabar,
469 3084 550 3169 quid
567 3081 662 3157 esset,
685 3085 778 3168 quod
801 3096 841 3147 ru
862 3083 947 3149 mihi
965 3082 1096 3156 literas
1115 3099 1216 3158 mitte

555 3203 824 3217 m

174 3232 271 3320 barto
294 3262 327 3320 sn
344 3250 467 3318 funebri
482 3261 577 3336 patris
593 3276 659 3316 ma·
716 3270 782 3317 tura
806 3258 874 3329 die,
915 3258 1140 3325 creditoribus
1166 3264 1214 3327 suis

167 3352 248 3405 nere
271 3360 398 3423 praeter
428 3359 530 3402 cetera
565 3342 658 3403 ludos
715 3341 886 3401 l'misiacera
910 3362 978 3403 non
1006 3347 1137 3426 pollet,
1176 3356 1214 3409 ia·

171 3421 316 3498 dedisset,
338 3443 370 3488 et
389 3431 421 3486 in
442 3427 658 3508 iiapamberae
714 3426 950 3486 tercalmionern
980 3433 1001 3488 i.
1033 3452 1066 3492 e.
1105 3454 1213 3514 proro-

168 3518 207 3573 ὐτ
226 3506 340 3594 raapfit
355 3511 482 3574 Coelius
506 3511 558 3570 lib.
572 3508 657 3574 Vlll.
713 3515 872 3655 parionem
889 3519 1048 3592 temporis
1076 3538 1095 3578 a
1113 3522 1213 3580 Ponti·

170 3598 200 3659 6.
230 3599 333 3677 7.,αά
369 3592 484 3657 Divers.
528 3593 658 3657 dedisset
725 3596 818 3656 rcibus
840 3601 949 3674 petiit,
986 3618 1090 3680 quarn
1120 3616 1211 3686 quum

168 3687 263 3742 etiam
297 3681 510 3742 admirandam
550 3679 655 3754 illem,
713 3698 778 3740 non
801 3678 998 3752 obtinuisset,
1039 3688 1165 3749 addixit
1185 3685 1212 3749 fa

38 3806 41 3813 ·
165 3780 251 3912 puae
277 3765 494 3848 amphitheatri
519 3763 654 3824 sormam
710 3761 1063 3845 suamquesententiam
1078 3773 1209 3845 Caesari,

180 3867 292 3924 aceres,
316 3852 451 3935 ligneam
470 3845 654 3922 machinam,
711 3849 832 3910 deserto
850 3850 997 3928 reipubl.
1016 3862 1209 3934 patrocinio,

79 4004 81 4009 ,
166 3934 208 3995 de
229 3956 292 4018 qua
306 3934 420 3996 Plinius
440 3932 580 3994 xxxvl.
607 3947 653 4006 15.
708 3950 761 4014 ep.
789 3954 818 4016 9.
858 3933 912 3997 lib.
935 3933 1025 3998 vlu.
1080 3945 1124 4004 ad
1146 3944 1208 4005 Diu,

165 4028 315 4102 magnum
347 4014 403 4079 libi
433 4037 484 4078 aes
519 4018 654 4077 alienum
711 4016 831 4080 Manna

153 4107 334 4179 ,connexim
357 4116 507 4185 atquem
526 4099 653 4189 praesti·
730 4121 742 4133 ··
790 4126 793 4137 ·
