2506 4808
307 379 309 384 .
383 292 674 372 urrsrorn
704 295 897 373 'entra

1093 321 1158 384 511

86 469 89 474 ’
162 496 166 501 ·
206 497 226 538 c
248 497 267 536 t
290 480 493 566 *Lepidum
515 482 749 564 quocircidat3
772 481 1185 574 consules-flagrantiuoe

123 588 242 656 samia,
281 582 372 666 quod
397 583 438 646 C.
461 582 644 648 Memmius

122 687 238 752 senatu
262 689 432 758 recitavit,
455 704 555 767 quum
573 683 642 770 ipse

673 583 872 650 candidatus
896 594 1087 672 pactionem
1116 597 1154 656 in

664 697 700 755 et
720 682 797 755 suus
816 693 1020 773 competitor
1035 689 1154 763 Domi.

122 794 190 851 tius
215 807 293 849 cum
316 784 506 851 consulibus
531 780 771 861 fecissent‚.uti
797 789 897 854 ambo
911 787 999 874 LLS
1014 791 1153 872 quadra.

122 909 208 975 gena
229 883 418 951 consulibus
446 887 585 959 darent,
620 880 641 947 fi

121 987 180 1052 nisi
206 991 266 1051 tris
291 1007 437 1072 augures
462 983 643 1060 dedissent,

669 883 772 950 essent
794 886 850 973 ipsi
876 887 1029 968 consules
1053 892 1151 968 facti,
1182 910 1184 918 ’

682 992 740 1069 qui
764 983 795 1049 se
820 988 957 1063 adfuisse
978 991 1150 1071 dicerent,

119 1113 224 1176 ¹riuum
241 1088 297 1152 lex
320 1093 446 1150 curiuta
465 1087 629 1159 ferretur,
647 1109 731 1170 quae
745 1085 812 1154 iata
827 1111 897 1154 uon
915 1088 1012 1170 esset;
1034 1104 1067 1165 et
1081 1095 1149 1161 duo

123 1190 330 1260 consulam,
350 1192 406 1269 qui
429 1185 459 1248 se
474 1187 627 1250 dicerent
644 1192 680 1250 in
696 1188 856 1253 ornandis
870 1195 1053 1278 provinciis
1069 1215 1149 1259 con-

120 1291 284 1355 sularibus
304 1287 481 1352 scribendo
499 1286 653 1360 adfuisse,

672 1310 775 1369 quum
790 1295 929 1354 omnino
945 1313 990 1356 ne
1012 1291 1146 1359 senatus

120 1393 257 1479 quidem
279 1388 398 1457 fnisset.
443 1387 535 1451 Haec
557 1393 668 1476 pactio
690 1411 758 1451 non
776 1392 911 1473 verbis,
934 1393 989 1458 sed
1003 1400 1147 1467 nomini.

119 1499 241 1562 bus·et
261 1489 582 1582 perseripn'ouibus‚
604 1486 790 1553 multorum
810 1491 933 1567 tubulis
957 1515 1060 1586 quum
1081 1483 1145 1565 esse

109 1910 113 1917 .
160 1875 189 1916 2.
213 1853 345 1925 lepidum
372 1869 430 1930 quo
458 1834 599 1932 excidat]

116 1942 306 2016 Corruptum
323 1932 405 1995 huuc
425 1934 548 2004 locum,
569 1946 600 1990 et

115 2024 155 2085 sb
190 2026 277 2083 initio
312 2017 401 2079 huius
434 2013 599 2097 epistolae,

114 2107 204 2190 quod
219 2107 342 2178 interiit,
357 2100 517 2174 rescissum,
533 2098 600 2164 abs·

114 2215 178 2273 que
199 2190 283 2251 libris
306 2186 484 2249 melioribus
503 2205 598 2246 nemo

111 2276 219 2341 sanare
233 2271 343 2355 potest.
371 2271 468 2336 Aldus
482 2291 542 2351 pro
557 2289 597 2329 eo

113 2363 211 2424 edidit
231 2363 337 2417 nedum
356 2360 489 2428 cuilibet,
511 2354 599 2437 quod

113 2469 183 2510 cum
211 2445 320 2506 ultimo
341 2443 437 2503 verbo
466 2443 597 2517 conciuit·

104 2544 208 2604 ,tainus
229 2535 417 2612 iungeretur.
460 2527 522 2585 Sed
537 2524 600 2586 hoc

111 2636 219 2679 merae
243 2618 439 2677 coniecturae
464 2608 599 2670 tribuen-

113 2704 189 2763 dum
210 2697 271 2760 esse
292 2719 363 2758 vere
384 2697 529 2756 iudicavit
543 2694 600 2753 Er·

111 2784 235 2847 nestius.
279 2783 429 2842 Graevius
449 2783 598 2842 correxit}

115 2895 151 2930 ne
188 2871 320 2944 lepidum
359 2869 433 2948 quid
467 2866 597 2924 excidat.

113 2958 176 3020 Alii
193 2957 324 3028 lepidum
339 2974 397 3032 quo
414 2954 535 3011 exednr.

154 3036 344 3123 pactionem]
387 3038 493 3096 Pnctio
522 3033 600 3092 haee

97 3142 198 3189 ,eretz
218 3126 384 3185 Memmius
402 3137 432 3181 et
445 3122 598 3180 Domitius

114 3211 258 3272 Calvinus
290 3205 428 3266 consules
456 3204 521 3263 fieri
549 3223 601 3262 cu·

110 3302 210 3378 piunt.
255 3295 373 3372 Appius
388 3307 490 3352 autem
509 3287 602 3348 Clau·

114 3384 181 3442 dius
205 3393 235 3438 et
251 3379 284 3437 L.
303 3377 459 3457 Domitius
475 3372 600 3434 Aheno-

96 3463 229 3528 .barbus
263 3460 400 3522 consules
433 3461 465 3519 id
487 3474 598 3542 agunt,

652 1838 752 1927 'quum
767 1844 815 1905 lex
826 1849 941 1910 curiata
957 1840 1143 1939 de'imperio

655 1933 885 2011 provinciarum
916 1934 957 1994 ad
986 1936 1142 2021 populum

656 2017 806 2095 serreturss
842 2033 874 2076 et
898 2018 977 2079 duos
1005 2018 1142 2083 consula·

656 2121 705 2161 res
722 2105 775 2182 qui
800 2099 827 2160 se
851 2098 966 2166 affuisse
988 2103 1142 2179 dicerent,

657 2207 751 2266 quum
779 2187 893 2246 sctum
924 2188 964 2248 de
996 2192 1141 2252 ornandis

657 2287 688 2329 et
704 2267 883 2331 instruendis
897 2278 1061 2352 prouinciis
1076 2272 1142 2334 scri·

655 2356 797 2431 beretur3
838 2354 892 2417 uili
917 2356 978 2437 huc
1005 2356 1143 2425 fecissent

655 2442 727 2507 LLS
750 2441 860 2504 darent
879 2441 973 2508 ambo
996 2444 1143 2524 quadrin-

656 2546 736 2668 ᾔτει
752 2531 857 2607 Appio
873 2543 905 2586 et
917 2524 1140 2594 Ahenobarbo.

697 2621 776 2669 aaut.

698 2715 769 2771 quae
792 2697 855 2753 lata
876 2717 933 2757 non
957 2697 1048 2793 esset]
1069 2698 1141 2759 Hoc

655 2800 722 2842 non
736 2780 794 2839 fuit
808 2784 839 2837 in
851 2785 1013 2859 pectione3
1034 2783 1085 2843 led
1098 2781 1140 2848 est

658 2887 676 2924 e
689 2865 847 2924 Ciceronis
863 2863 995 2943 persona
1013 2867 1139 2941 dictum,

655 2965 690 3008 ut
712 2953 743 3006 in
766 2949 881 3021 altero,
908 2972 999 3030 quum
1023 2954 1139 3011 orrzninu

656 3057 692 3091 ue
722 3036 841 3110 senatus
873 3037 997 3115 quidum
1023 3035 1138 3113 fuifiet.

655 3119 766 3197 Itaque
787 3120 907 3178 videtur
935 3119 994 3183 esse
1024 3123 1141 3184 debere

657 3215 777 3262 erat-
824 3199 950 3278 Ernesti.

700 3310 755 3344 nou
779 3291 872 3347 verbis
887 3292 942 3364 sed
959 3324 994 3337 -·
1011 3293 1139 3377 tabulis]

662 3367 755 3429 Verba
796 3391 1003 3453 opponuntur
1046 3383 1139 3436 rebus.

655 3457 719 3516 Eae
741 3456 858 3517 suntin
875 3461 1055 3534 norninibus,
1074 3484 1140 3535 per,

114 3566 151 3610 ut
174 3543 333 3608 consulatu
357 3547 453 3607 suncti
474 3547 505 3602 in
528 3563 600 3622 pro·
648 3535 874 3618 scriptionibus,
901 3547 1006 3601 tabulis
1034 3550 1140 3610 inulto-

114 3637 227 3695 vinciar
255 3636 424 3695 mittantur.
468 3629 600 3696 Promit-

115 3732 185 3777 tunt
208 3719 319 3796 igitur,
344 3714 373 3774 se
395 3733 523 3793 operam
546 3712 600 3770 da·

94 3816 221 3872 ⁴turos,
244 3815 277 3859 ut
297 3797 435 3859 consules
458 3813 601 3857 creentur

93 3948 101 3956 ,,
114 3887 281 3948 Memmius
309 3899 340 3943 et
368 3884 527 3949 Calvinus;
557 3880 602 3939 ilsi

117 3985 224 4031 contre
244 3966 351 4026 scires
368 3988 498 4050 augures
514 3969 603 4023 datu-

93 4076 185 4129 ‚ros,
207 4057 262 4137 qui
282 4050 420 4115 dicerem
439 4051 468 4113 ss
486 4046 602 4115 affuisse
639 4123 643 4129 .

656 3650 731 3687 reim.
775 3628 911 3687 Primum
933 3625 992 3699 est,
1014 3637 1142 3693 nomina

655 3712 760 3774 secere
781 3710 882 3772 suiset
899 3710 1056 3773 consulum
1075 3716 1143 3779 illo·

657 3817 725 3856 rum
741 3797 870 3874 tabulis,
891 3797 1032 3870 alterum,
1056 3801 1142 3881 apud

659 3887 850 3962 argentarios
868 3882 914 3942 vel
927 3883 1142 3947 foeneratores

657 3970 693 4024 iis
703 3971 864 4044 pecuniam
874 3968 1003 4028 eandem
1018 3966 1145 4055 assigna·

658 4071 731 4111 vere
738 4093 747 4123 ,
783 4069 817 4111 ut
837 4052 875 4112 nb
899 4057 933 4114 iis
951 4057 1145 4136 acciperent,
