2580 4792
358 1209 933 1309 PRAEFATIO.

226 1657 382 1735 salubri
417 1683 463 1732 ac
490 1652 704 1758 ‘frugiferae
735 1655 973 1757 epistolarum
1003 1662 1160 1740 Cicero·

120 1807 182 1876 nis
209 1799 372 1873 lectioni
407 1796 484 1868 duo
516 1791 741 1895 potiffimum
766 1792 933 1875 offeciffe
963 1799 1159 1894 videntur;

122 1965 268 2027 unum,
303 1931 413 2034 quod
438 1934 623 2003 variarum
648 1929 886 2030 epistolarum
912 1930 1017 2025 libri,
1058 1961 1159 2037 quae

120 2075 240 2175 vulgo
256 2071 315 2143 ad
327 2068 585 2167 familiares,
613 2083 650 2139 et
668 2093 802 2193 parurn
817 2065 933 2140 latine
949 2070 1009 2149 ad
1025 2072 1160 2144 diver·

111 2213 186 2309 sos
219 2224 424 2294 vocantur,
464 2151 767 2301 seiungerbnur‘
771 2203 836 2276 ab·
830 2202 1002 2319 epistolis
1026 2204 1077 2280 ad
1096 2206 1160 2282 At·

123 2354 248 2421 ticum
271 2362 310 2416 et
330 2342 516 2434 Quintum
536 2334 709 2435 fratrent,
744 2339 859 2440 qnof
842 2335 983 2413 fictum
1008 2339 1076 2432 est,
1117 2360 1160 2416 ut
1234 2344 1237 2349 ’

123 2485 214 2557 illae
239 2478 396 2580 quidem
419 2474 654 2574 frequentius
682 2457 918 2575 legerentur,
963 2476 1037 2551 hae
1064 2504 1158 2552 vero

124 2618 248 2692 mutto
273 2617 475 2714 pauciores
502 2610 690 2685 haberent
711 2612 894 2701 lectores;
925 2639 1159 2714 quamquam

123 2759 203 2827 iam
232 2749 434 2822 Cornelius
456 2749 588 2846 Nepos
615 2746 949 2840 animadverterat,
999 2750 1067 2822 has
1092 2757 1158 2852 qui

123 2892 245 2990 legat,
292 2911 385 2958 non·
412 2883 572 2957 multum
605 2879 904 2955 defideraturunr
940 2903 1157 2962 contextam

122 3029 279 3100 illorum
300 3041 515 3121 temporum
531 3015 731 3090 historiam.
781 3018 963 3110 Alterum,
985 3022 1091 3124 quod
1106 3049 1158 3099 ne

121 3164 215 3236 illae
240 3128 398 3260 quidem
419 3153 603 3255 'epistolae
630 3155 679 3227 ad
701 3154 916 3255 complures
951 3156 1043 3229 alios
1074 3157 1158 3232 scri·

122 3319 214 3399 ptae
240 3299 423 3394 temporis
447 3294 583 3366 ordine
603 3292 838 3392 legerentnr3
881 3288 943 3365 etsi
960 3293 1088 3366 Caroli
1103 3296 1158 3369 Si·

124 3439 230 3537 gonii
248 3431 488 3532 praeclarum
511 3428 671 3502 studium
694 3435 733 3501 in
749 3428 806 3501 his
824 3427 984 3527 epistolis
1000 3429 1049 3501 nd
1065 3449 1159 3506 tern-

122 3598 221 3672 pora
250 3568 311 3640 sua
334 3567 571 3658 revocandis,
600 3565 781 3665 assumpto
797 3569 1020 3658 Hieronymi
1039 3569 1161 3666 Raga-
1194 3641 1195 3644 ,

122 3713 228 3781 zonii
252 3708 410 3776 nomine
434 3707 638 3792 enituerat,
664 3722 700 3776 et
723 3701 851 3801 postea
872 3702 1014 3801 aliquot
1034 3701 1160 3776 factae

126 3843 202 3918 iunt
230 3840 439 3928 editiones',
468 3839 561 3910 inde
586 3838 632 3910 ab
655 3839 803 3911 Adamo
822 3841 1033 3914 Theodoro
1053 3837 1160 3911 Sibe·

129 4001 187 4070 ro,
232 4001 340 4080 quae
368 3974 512 4074 vulgari
546 3974 682 4051 ordine
711 3976 845 4050 relicto
864 3975 958 4049 'istas
989 3971 1159 4075 epistolas
